2548 4042
147 142 246 205 ⁴26
398 167 521 205 nas
557 162 710 204 mun
734 177 757 189 ·
781 162 1147 204 rnotncointm
1171 177 1194 189 -
1215 162 1387 204 ratior.
1418 162 1497 204 vn.
1524 162 1587 205 n:
1621 160 2124 206 inancumnmrmus

370 373 446 412 DF.
489 371 798 412 HOMlclmo
845 373 918 413 ΕΤ
961 373 1367 414 MUTILATIONR
1399 373 1458 413 ΙΝ
1503 372 1689 413 BELLO
1731 373 2164 414 PERPETRATIS.

221 515 348 569 427.
378 516 674 569 Postremo
717 514 1020 571 videamus
1060 515 1197 586 quid
1231 516 1386 585 juris
1427 515 1505 570 sit
1545 514 1592 570 si
1635 515 1766 586 quis
1809 515 2131 579 mutilatuS,
2163 515 2254 571 vel
2296 515 2379 570 in·

146 606 471 675 teremptus
514 604 690 659 suerit
730 604 788 659 in
830 605 997 660 bello.
1037 606 1108 659 Et
1151 605 1206 659 iu
1252 605 1404 659 hello
1448 605 1680 675 injusto,
1712 604 1759 659 si
1802 605 1896 659 vel
1939 620 2092 661 unus
2132 604 2378 668 occisuS,

146 695 251 748 aut
291 692 597 748 mutilatus
645 693 837 756 fuerit,
868 695 1015 749 flunt
1046 694 1406 763 irregulares
1433 710 1498 748 ea:
1537 695 1731 755 delicto,
1762 694 2004 764 perinde
2045 695 2212 766 quasi
2250 710 2382 765 par-

146 783 372 853 ticipes,
401 787 581 853 atque
625 783 753 838 ideo
779 782 866 853 (V.
897 785 932 852 g
959 784 1086 846 319,
1115 785 1166 852 5)
1199 786 1245 838 si
1289 798 1353 839 se
1397 786 1598 839 mutuo
1639 784 2053 851 excitaverint,
2093 785 2382 856 quotquot

147 888 220 927 ex
260 873 523 937 adverSO,
565 888 634 927 eo
675 888 854 927 cornu
897 873 1287 943 dimicant(l).
1319 873 1382 928 In
1426 874 1580 928 bello
1611 876 1788 943 justo,
1820 873 2108 945 siquidem
2143 876 2233 930 est
2273 874 2383 929 de-

148 964 459 1027 fensivum,
506 979 672 1019 nemo
713 963 1006 1019 contrahit
1051 964 1552 1033 irregularitatem
1580 963 1674 1036 (2),
1716 964 1980 1035 exceptis
2008 964 2275 1027 clericis:
2318 967 2382 1020 et

148 1069 223 1109 ne
265 1053 354 1108 his
394 1053 628 1124 quidem
671 1054 934 1123 exceptis
975 1054 1021 1108 si
1068 1054 1467 1125 pugnaverint
1499 1055 1651 1125 jussi
1679 1054 1773 1126 (3),
1804 1055 1896 1110 vel
1943 1054 2001 1109 in
2044 1070 2258 1124 magno
2296 1053 2381 1109 di-

146 1142 422 1198 scrimine
466 1158 658 1198 rerum
687 1144 775 1213 (4).
806 1144 861 1199 Si
896 1143 1111 1199 bellum
1144 1148 1234 1200 est
1261 1145 1622 1207 ostensivum,
1655 1145 1702 1199 is
1745 1147 1974 1199 tantum
2018 1144 2115 1215 qui
2160 1146 2383 1200 hostem

147 1247 255 1288 sua
282 1247 460 1288 manu
488 1233 715 1295 occidit,
746 1234 839 1287 vel
871 1235 1103 1289 mutilat
1133 1235 1198 1288 fit
1226 1234 1569 1303 irregularis
1603 1250 1678 1289 ex
1706 1236 1905 1302 defectu
1934 1238 2164 1291 lenitatis
2187 1235 2285 1305 (5):
2317 1237 2381 1291 et

153 1338 226 1377 ne
255 1322 305 1376 is
343 1321 598 1393 quidem,
630 1322 771 1378 licet
801 1323 1067 1385 clericus,
1098 1323 1164 1384 si,
1194 1339 1325 1378 cum
1368 1324 1697 1380 incurreret
1730 1326 1784 1379 in
1813 1340 1947 1379 eum
1980 1325 2177 1388 hostiS,
2205 1324 2382 1379 aliter

148 1427 211 1467 se
253 1410 408 1466 tueri
449 1426 565 1466 non
610 1413 797 1482 potuit
840 1412 930 1483 (6).
972 1414 1044 1467 At
1089 1413 1135 1467 is
1175 1414 1275 1483 qui
1318 1413 1566 1478 dubitat,
1604 1429 1742 1468 num
1787 1413 1909 1483 ipse
1951 1414 2234 1470 occiderit
2277 1418 2383 1470 aut

149 1501 515 1557 mutilaverit
554 1501 830 1572 aliquem,
861 1501 1002 1558 licet
1043 1501 1209 1557 multi
1251 1503 1426 1558 occisi
1471 1505 1532 1559 et
1572 1503 1827 1559 mutilati
1867 1502 2104 1567 fuerint,
2134 1519 2251 1559 uon
2293 1506 2384 1560 est

152 1591 497 1659 irregularis
525 1591 616 1662 (7).

222 1682 349 1736 428.
379 1682 464 1735 Ad
499 1684 640 1736 haec
680 1682 794 1736 duo
837 1685 990 1746 sunt,
1021 1684 1171 1754 quod
1214 1684 1284 1737 ad
1328 1683 1571 1739 clericos
1613 1684 1668 1739 in
1711 1683 1892 1739 sacris
1929 1684 2294 1748 constitutos,
2325 1687 2387 1740 et

150 1773 479 1833 monachos,
509 1771 856 1841 singularia.
894 1773 1112 1843 Nempe
1152 1774 1240 1828 his
1281 1775 1532 1829 vetitum
1574 1777 1663 1830 est
1705 1789 1984 1830 exercere
2026 1774 2384 1844 chirurgiam

148 1862 438 1927 incz‘clendo,
466 1861 562 1915 vel
590 1863 856 1916 adurendo
886 1862 990 1933 (8):
1023 1863 1398 1933 quamobrem
1428 1863 1475 1917 si
1506 1864 1599 1919 cui
1629 1867 1704 1918 sic
1731 1863 2078 1920 medicinam
2117 1863 2385 1926 fecerint,

152 1955 214 2006 et
254 1955 537 2020 aegrotus
578 1966 652 2005 ex
702 1951 1001 2015 incisione,
1047 1953 1136 2007 vel
1185 1953 1497 2008 adustione
1540 1954 1855 2020 interierit,
1898 1955 2044 2010 flunt
2086 1954 2388 2024 irregula-

149 2057 247 2097 res
283 2040 383 2115 (9).
426 2042 582 2097 Haec
625 2042 1038 2111 irregularitas
1080 2059 1189 2097 non
1240 2043 1428 2098 oritur
1468 2059 1541 2099 ex
1584 2044 1817 2107 delicto,
1861 2059 1969 2099 nec
2010 2058 2085 2098 ex
2131 2043 2385 2107 defectu,

150 2133 250 2187 sed
296 2147 369 2186 ex
411 2131 586 2203 culpa
625 2132 785 2186 civili
809 2131 943 2203 (10);
976 2133 1115 2203 quia
1141 2135 1301 2205 culpa
1330 2138 1411 2187 esc
1436 2137 1718 2188 immiscere
1757 2151 1808 2187 se
1850 2136 1929 2188 rei
1961 2134 2034 2187 ad
2068 2149 2121 2189 se
2148 2151 2249 2188 non
2267 2150 2386 2204 pere

217 2354 232 2397 1
272 2352 455 2400 Giball.
491 2354 565 2400 De
599 2354 884 2409 Iri-eytelar.
909 2352 961 2400 C.
987 2349 1070 2405 IV,
1094 2352 1217 2399 Con-

152 2427 274 2472 sect.
294 2427 339 2477 7,
363 2424 477 2471 Diff.
503 2426 544 2470 2.
575 2426 629 2469 Si
650 2436 703 2472 se
725 2429 906 2470 mutuo
929 2423 1066 2477 (Ben.
1087 2421 1215 2477 xlv,

151 2495 263 2543 Not.
302 2496 402 2549 101,
436 2497 494 2554 8).
529 2495 630 2542 Nec
665 2495 785 2542 bene
821 2494 964 2542 Suar.
995 2495 1070 2547 47,
1102 2496 1148 2550 5,
1185 2500 1216 2541 Ι.

1323 2351 1511 2406 hostes,
1543 2353 1620 2398 vel
1645 2352 1861 2407 hostem,
1896 2365 1939 2399 V.
1961 2367 2016 2406 c,
2040 2352 2229 2399 Ducem
2260 2351 2393 2404 belli.

1322 2422 1653 2469 occidendum
1695 2423 1762 2481 (S.
1795 2423 1945 2484 Alph.
1978 2422 2085 2476 vn,
2118 2422 2240 2480 460).

1380 2498 1409 2541 7
1442 2495 1716 2550 Bonacina,
1737 2496 1890 2542 Croix
1915 2493 2023 2546 VII,
2046 2494 2150 2542 453.

153 2579 328 2612 omnes
351 2566 721 2612 commilitones
754 2566 874 2612 facit
899 2565 1215 2625 irregulares.

155 2638 287 2694 Quin
322 2643 459 2697 puto,
495 2636 820 2697 irregularem
848 2650 946 2682 non
981 2637 1090 2682 fleri
1120 2638 1213 2683 mi·

154 2707 295 2754 litem
331 2710 419 2769 qui
453 2722 510 2755 eo
533 2722 690 2755 cornu
714 2708 936 2762 dimicat,
959 2709 1002 2754 si
1026 2709 1220 2754 invitus

154 2779 341 2826 militat
363 2782 413 2825 et
433 2792 522 2825 nec
540 2778 775 2838 glandem
802 2778 1023 2838 explosit
1051 2779 1147 2835 (vel
1168 2780 1219 2824 in

154 2862 316 2895 aerem
350 2850 607 2910 explosit),
640 2863 730 2897 nec
763 2851 992 2910 gladium
1027 2851 1218 2896 eduxit.

213 2921 242 2963 2
273 2920 349 2965 Ex
383 2921 536 2969 Clem.
572 2935 656 2967 un.
681 2922 757 2969 De
781 2923 971 2967 Homic.
997 2921 1042 2967 S.
1070 2922 1220 2981 Alph.

156 2990 264 3044 Vll,
296 2993 399 3036 459.

213 3061 241 3104 3
273 3061 348 3107 Ex
371 3063 424 3110 C.
449 3063 478 3107 2
501 3065 576 3110 De
597 3066 745 3109 Imm.
774 3065 955 3125 juncto
987 3065 1041 3113 C.
1068 3065 1124 3109 24
1151 3064 1225 3110 De

157 3135 343 3178 Bomio.
378 3134 561 3180 Giball.
594 3135 624 3180 1.
660 3147 700 3181 e.
732 3133 850 3181 Diff.
886 3135 976 3181 ult.
1011 3150 1058 3182 n.
1092 3137 1162 3180 40.

219 3204 245 3248 4
279 3203 487 3250 Salmat.
525 3205 594 3258 10,
614 3206 656 3255 9,
681 3206 753 3251 21.
776 3205 874 3252 Sed
901 3208 996 3252 etsi
1022 3206 1223 3266 injussi,

155 3279 206 3320 et
236 3276 362 3320 citra
398 3274 688 3335 hujusmodi
724 3275 996 3322 discrimen
1030 3290 1225 3336 pugna-

155 3346 336 3397 verint,
370 3345 671 3404 irregulares
705 3345 835 3392 flunt
858 3360 919 3392 ex
945 3346 1142 3393 defectu
1177 3348 1220 3392 si

155 3415 278 3475 quid
312 3415 509 3475 opinor;
544 3429 703 3474 neque
743 3418 875 3462 enim
923 3416 1223 3476 irregulares

156 3485 265 3531 fleri
286 3490 506 3546 possunt
528 3499 589 3531 ex
612 3486 809 3540 delicto,
834 3487 967 3533 idest
985 3499 1047 3532 ex
1069 3487 1224 3533 homi-

157 3556 312 3610 cidio;
335 3558 523 3617 quippe
546 3556 679 3617 quod
714 3558 962 3617 injustum
997 3572 1096 3604 non
1130 3561 1224 3604 est.

155 3625 251 3672 Sed
287 3625 341 3671 V.
378 3626 431 3672 D.
468 3627 588 3673 Tho.
622 3627 665 3680 2,
698 3628 740 3679 2,
776 3631 849 3680 40,
879 3629 919 3673 2.

226 3698 255 3742 5
277 3697 394 3744 Ben.
429 3697 560 3752 XIV,
595 3697 624 3743 l.
658 3711 699 3744 c.
733 3712 779 3744 n.
813 3700 855 3743 9.

224 3769 253 3812 6
285 3770 361 3815 Ex
383 3769 537 3818 Clem.
562 3783 645 3814 un.
675 3769 747 3816 De
773 3771 970 3817 Homie.
991 3771 1042 3819 C.
1069 3771 1128 3815 24
1153 3772 1227 3816 De

160 3841 353 3887 Homic.
372 3839 473 3887 Nec
497 3838 701 3886 demum
727 3840 771 3886 is
796 3841 883 3901 qui
904 3840 1139 3887 hortatur
1162 3841 1222 3886 ad

1381 2567 1410 2611 8
1442 2567 1496 2614 C.
1528 2567 1558 2611 9
1591 2568 1672 2614 Ne
1710 2567 1884 2613 Clerie.
1919 2568 2001 2613 vel
2031 2567 2165 2613 Mon.
2199 2566 2265 2612 In
2298 2578 2387 2611 sa·

1322 2639 1430 2682 cris
1465 2638 1577 2694 (CC.
1604 2640 1645 2691 7,
1679 2639 1723 2692 8,
1752 2638 1817 2691 ll,
1850 2638 1915 2690 12,
1947 2637 2021 2689 20,
2056 2638 2129 2685 De
2154 2637 2391 2694 Bomio.);

1325 2708 1537 2768 ideoque
1581 2722 1681 2754 non
1716 2707 2025 2763 Mtnoristae,
2063 2708 2159 2753 etsi
2197 2705 2387 2753 benefl-

1325 2779 1458 2826 cium
1484 2779 1887 2826 ecclesiasticum
1911 2778 2130 2826 habeant
2151 2777 2219 2836 (S.
2241 2777 2390 2840 Alph.

1325 2849 1438 2907 VII,
1468 2851 1590 2905 385).

1385 2921 1414 2964 9
1447 2922 1498 2968 C.
1530 2921 1582 2966 19
1609 2924 1677 2968 De
1700 2922 1894 2968 Homic.
1919 2920 2125 2967 Salmat.
2167 2919 2235 2974 10,
2255 2919 2301 2974 9,
2321 2919 2395 2974 32,

1327 2990 1437 3047 ch;
1457 3004 1557 3037 non
1574 2992 1695 3037 item
1719 2991 1766 3037 si
1789 2992 1900 3051 ipse
1918 2992 2141 3048 peritus,
2159 2989 2238 3036 vel
2262 2991 2395 3036 bona

1326 3063 1449 3122 fide,
1466 3065 1552 3110 dec
1567 3064 1768 3121 aliquid
1784 3064 1995 3122 infirmo
2019 3064 2091 3107 ad
2109 3064 2219 3119 qius
2234 3073 2396 3108 reme·

1327 3136 1473 3180 dium
1505 3136 1583 3180 vel
1615 3136 1848 3182 levamen
1870 3134 1941 3192 (S.
1965 3133 2120 3193 Alph.
2144 3131 2252 3187 vn,
2268 3132 2393 3187 384).

1394 3205 1446 3249 10
1478 3204 1555 3250 Ex
1589 3204 1644 3253 C.
1686 3205 1739 3250 19
1772 3207 1843 3251 De
1867 3206 2061 3250 Homic.
2086 3202 2194 3249 Non
2222 3215 2291 3250 ea>
2311 3205 2398 3249 de·

1330 3277 1466 3330 ῑίοτο,
1502 3275 1721 3335 primum
1757 3276 1878 3335 quia
1918 3274 2046 3320 alias
2092 3273 2223 3320 nihil
2258 3277 2397 3319 esset

1330 3345 1442 3392 heic
1473 3345 1716 3405 speciale:
1751 3345 1931 3391 deinde
1953 3343 2074 3404 quia
2107 3356 2206 3389 non
2231 3343 2393 3390 solum

1331 3416 1598 3462 incidendo
1617 3417 1693 3462 vel
1716 3415 1987 3469 adurendo,
2009 3415 2098 3461 sed
2124 3414 2250 3461 alias
2273 3427 2394 3475 quo*

1330 3501 1426 3548 que
1460 3487 1719 3542 medendo,
1753 3488 1966 3534 clericus
2011 3487 2152 3550 fieret
2193 3487 2394 3546 irregu-·

1330 3559 1463 3604 laris.
1499 3558 1608 3604 Non
1642 3571 1704 3604 ex
1748 3558 1946 3604 defectu
1991 3556 2238 3612 lenitatis,
2275 3556 2399 3615 quia

1332 3629 1527 3683 incisio,
1559 3629 1638 3675 vel
1671 3628 1879 3676 adustio
1903 3625 2195 3687 hujusmodi
2235 3625 2399 3684 magis

1333 3699 1392 3744 ad
1427 3699 1839 3752 conservandam,
1873 3711 2027 3757 quam
2061 3697 2124 3743 ad
2166 3695 2396 3742 adimam.

1332 3769 1448 3815 dam
1482 3769 1660 3825 vitam,
1691 3769 1969 3828 pertinent3
1994 3767 2128 3828 quod
2159 3767 2287 3812 scite
2304 3764 2399 3811 Bo-

1333 3839 1521 3887 nacina
1553 3839 1932 3887 animadvertit.
