2548 4042
179 4 281 62 254
539 22 666 63 mus
701 15 1350 63 Ρηιιιιηηιοιιοοιικι-
1322 0 1839 70 ωωῐῖ“ωοο”
1868 0 1886 4 ”
2123 22 2152 67 ,4
2183 50 2196 58 -
2251 52 2259 62 .
2359 60 2490 85 ›--

191 106 469 170 tensione,
510 105 712 176 quidni
756 105 976 161 liceat?
1007 105 1326 177 Utrobique
1365 105 1543 171 enim.
1572 104 1672 163 lex
1709 92 1887 172 dubia
1925 68 2057 172 est}-
2063 73 2202 163 nec
2225 94 2518 188 ex

189 196 339 265 quod
372 210 489 250 una
516 209 656 250 usus
684 193 910 257 fuerim,
939 194 1132 250 altera
1162 194 1479 265 probabilis
1502 209 1573 251 ac
1601 196 1731 251 tuta
1762 210 1893 251 esse
1918 194 2154 251 desin'it.
2186 192 2326 266 Exci

188 285 321 338 dum
342 299 416 338 ne
438 284 609 339 lexin
626 284 915 339 alterutra
930 283 1320 347 contineatur,
1338 289 1521 354 tuque
1539 284 1689 339 velis
1707 284 1791 340 uti
1814 289 2068 356 utraque
2085 283 2254 340 simul
2278 270 2454 359 (12),’4’
2482 263 2548 353 ιζ’,

190 374 445 428 maxime
490 373 546 427 iu
590 374 681 428 his
721 388 872 444 quae
904 374 1006 444 jus
1045 374 1292 428 alterius
1331 377 1535 428 contra
1564 373 1858 445 justitiam
1902 374 2204 430 laederent
2231 372 2364 447 (13).
2453 363 2489 446 ⁴⁵

260 462 384 516 264.
416 462 575 515 Haec
618 462 672 515 in
721 463 908 531 praxi:
942 461 1336 528 nibilominus,
1365 463 1552 533 quoad
1585 463 1666 518 rei
1709 463 2172 527 veritatemsabs
2202 478 2265 520 re
2307 462 2451 520 non*

193 551 306 606 erit
337 551 535 620 paucis
564 552 852 622 dispicere
875 552 1162 622 quodnam
1195 555 1453 622 systema
1481 552 1704 608 meliori
1724 553 1862 623 jure
1886 553 2164 623 gaudeat.
2186 553 2259 608 Et
2283 554 2427 623 puto
2490 552 2548 603 ·:.'1

191 639 333 694 illud
363 656 492 694 esse
536 641 685 710 quod
717 642 1027 711 possessori
1059 642 1244 696 favet:
1295 642 1474 710 primo
1501 642 1639 713 quia
1670 644 1774 698 hoc
1807 643 2025 700 utimur
2054 645 2122 699 in
2164 643 2285 699 foro
2325 657 2467 700 ex·

195 730 394 784 teriori
437 728 492 799 (g
458 731 678 802 ξ,260)
724 734 786 786 et
835 737 1149 802 utrumque
1194 731 1377 786 foium
1416 732 1731 787 convenire
1773 735 2022 801 oportet,
2070 733 2256 803 quoad
2295 730 2425 793 fleri
2496 724 2514 793 s
2539 717 2548 790 s

191 824 382 889 potest
410 820 465 888 (g
494 822 619 883 206
651 820 770 892 48);
818 820 1028 875 deinde
1059 821 1241 897 quia
1226 821 1435 875 nititur
1453 820 1721 891 justitia;
1764 821 2013 885 scilicet,
2043 822 2131 877 uti
2175 808 2443 892 legibue,

194 910 278 963 ita
306 913 366 964 et
395 910 656 965 libertati
689 926 794 965 sua
815 912 952 993 Jura
983 914 1280 974 constant;
1310 913 1592 981 unicuique
1623 911 1803 979 igitur
1842 927 1975 979 επακ
2003 912 2102 967 sed
2136 911 2195 966 in
2229 910 2430 983 primis

199 1011 361 1061 nme,
393 1000 627 1069 quippe,
658 1000 1064 1069 multiplicatis
1107 1000 1339 1068 legibus
1381 1003 1439 1054 et
1482 1001 1828 1071 praeceptis,
1858 1002 1954 1055 via
1981 1016 2135 1071 quae
2164 1001 2327 1057 ducit
2352 1000 2430 1056 ad
2463 1000 2469 1004 ’
2542 1036 2548 1046 -

199 1090 380 1142 vitam
425 1091 488 1142 fit.
529 1090 763 1152 arctior,
806 1093 867 1144 et
909 1088 1215 1143 difficilior.
1259 1089 1495 1144 Demum
1538 1090 1675 1160 quia
1723 1094 1783 1144 et
1825 1090 2079 1146 naturali
2129 1090 2448 1163 aequitate·

198 1178 435 1240 nititur;
480 1194 609 1233 nam
642 1180 687 1233 si
722 1179 817 1233 lex
845 1197 1115 1248 nunquam
1142 1179 1383 1247 obligat,
1409 1179 1685 1248 quamdiu
1715 1195 1824 1234 non
1857 1180 2034 1235 suerit
2066 1180 2433 1236 sufficienter
2495 1178 2509 1184 ”
2542 1171 2548 1173 ’

198 1268 585 1338 promulgata,
615 1284 776 1337 erg0,
806 1283 998 1337 aequa
1040 1269 1223 1331 lance,
1255 1284 1327 1323 ex
1356 1284 1470 1339 quo
1498 1269 1862 1323 sufficienter
1902 1269 2272 1339 promulgata
2301 1268 2430 1336 fuit,

197 1358 422 1425 obligat
466 1374 676 1427 semper.
720 1358 880 1419 Quod
925 1365 989 1411 ut
1029 1357 1242 1411 melius
1282 1361 1565 1427 appareat
1605 1358 1984 1427 expediemus
2023 1359 2224 1428 paucis
2277 1373 2431 1430 quae

191 1447 316 1502 sive
346 1447 701 1501 Tutioristae
730 1450 933 1501 contra
955 1446 1395 1510 Probabilistae,
1419 1446 1664 1516 ideoque
1688 1449 1891 1501 contra
1916 1448 2160 1517 primam
2184 1447 2431 1518 regulae

193 1540 430 1590 nostrae
473 1541 730 1606 partem;
774 1537 897 1591 sive
939 1535 1358 1589 Probabilistae
1407 1540 1611 1590 contra
1658 1534 2026 1599 TutioristaS,
2067 1539 2248 1607 atque
2296 1537 2431 1592 ideo

196 1631 400 1680 contra
443 1627 686 1695 regulae
730 1630 962 1680 nostrae
1009 1628 1232 1694 partem
1274 1624 1539 1688 alteram,
1569 1624 1822 1695 objicere
1862 1626 2070 1680 solent.
2268 1699 2271 1702 Ι

270 1718 397 1771 265.
429 1718 632 1786 Itaque
660 1716 1044 1770 Tutiorismus
1073 1714 1117 1768 1⁰
1146 1715 1373 1768 laborat
1413 1714 1556 1768 falso
1599 1716 1924 1784 supposito:
1955 1718 2125 1770 tenet
2160 1715 2319 1771 enim
2346 1714 2436 1772 le-

201 1821 355 1875 gem,
387 1810 529 1860 tunc
571 1807 934 1861 sufficienter
964 1804 1391 1874 promulgatam
1434 1804 1736 1858 dicendam
1781 1820 1928 1869 esse,
1958 1820 2087 1859 cum
2130 1804 2434 1876 probabile

205 1899 294 1950 est
354 1897 535 1964 ipsam
586 1900 822 1959 extare;
862 1911 931 1949 ac
978 1895 1211 1963 proinde
1263 1893 1458 1962 legem
1513 1894 1745 1948 dubiam
1797 1898 1855 1948 et
1905 1895 2191 1950 incertam
2233 1909 2450 1950 veramv

204 1986 397 2056 legem
430 2002 575 2049 esse,
608 1990 668 2039 et
697 1987 914 2040 habere
943 1985 1058 2038 vim
1088 1983 1388 2052 obligandi
1420 1981 1477 2054 (g
1505 1984 1631 2044 258,
1666 1984 1769 2054 13).
1794 1982 1973 2054 Atqui
2005 1984 2115 2038 hoc·
2143 1985 2205 2038 et
2233 1999 2269 2038 a
2292 1983 2432 2054 jure

192 2077 245 2144 (ἓ
277 2077 402 2146 162)
430 2082 490 2130 et
530 2091 565 2129 a
607 2079 767 2130 recta
798 2075 1021 2128 ratione
1055 2089 1285 2143 prorsus
1313 2072 1572 2126 alienum
1605 2078 1718 2128 est:
1753 2089 1942 2144 neque
1986 2074 2142 2128 enim
2172 2073 2271 2128 lex
2298 2073 2432 2129 heic

203 2166 422 2226 subest,
458 2166 557 2220 sed
600 2165 821 2235 opinio:
855 2180 988 2218 nam
1032 2164 1106 2225 id,
1137 2163 1287 2232 quod
1317 2163 1499 2216 solius
1529 2163 1952 2232 probabilitatis
1993 2155 2209 2223 finibus
2250 2162 2436 2221 conti-

200 2260 389 2316 netur,
421 2256 601 2309 solius
642 2255 931 2324 opinionis
962 2254 1077 2307 vim
1109 2254 1300 2322 potest
1341 2253 1584 2306 habere:
1617 2268 1759 2322 ergo
1800 2254 2155 2309 Tutioristae
2195 2267 2316 2309 non
2344 2252 2439 2308 le·

262 2433 316 2478 12
348 2433 490 2491 Lugo
530 2434 605 2480 De
648 2433 824 2478 Justit.
870 2430 975 2486 xV,
1023 2443 1053 2476 a
1098 2444 1150 2476 n.
1196 2430 1270 2475 47.

201 2504 508 2551 Lehmkuhl.
543 2504 651 2548 Vol.
684 2503 718 2550 Ι,
755 2518 784 2548 n
830 2503 928 2547 114.
962 2503 1065 2547 Est
1089 2506 1138 2545 et
1171 2501 1270 2546 alia

201 2576 344 2625 ratio,
378 2588 478 2634 qua
511 2576 674 2618 utitur
700 2574 839 2632 Lugo
872 2588 922 2619 n.
947 2574 1030 2618 49:
1063 2573 1183 2632 quia
1206 2585 1268 2616 ex

204 2657 303 2703 quo
337 2659 487 2691 unam
523 2646 826 2690 sententiam
853 2645 1004 2703 elegit
1026 2658 1125 2688 non
1151 2643 1270 2688 lice't

203 2720 413 2763 variare,
436 2717 558 2775 quin
583 2714 749 2760 laedat
774 2715 860 2775 jus
885 2715 1016 2773 quod
1042 2714 1155 2771 legi,
1179 2726 1269 2758 seu

206 2792 488 2847 praecepto,
509 2799 571 2831 ex
591 2785 830 2830 electione
850 2785 1137 2842 quaesitum
1161 2785 1268 2828 fuit.

207 2860 261 2904 E.
290 2873 344 2909 c.,
370 2859 412 2903 si
445 2858 545 2903 duo
580 2857 799 2916 aliquem
837 2855 1270 2914 rebaptizaverint,

212 2930 336 2975 alter
371 2928 675 2974 solemniter.
715 2927 803 2972 sed
842 2927 993 2977 claim
1032 2926 1156 2969 alter
1194 2938 1272 2970 co·

213 3015 318 3045 ram
356 3000 544 3050 multiS‚
570 2999 656 3044 sed
683 2997 939 3056 privatim,
962 3002 1138 3041 neuter
1161 3009 1273 3041 con-

211 3071 366 3115 trahit
402 3070 822 3128 irregularitatem
846 3073 897 3112 at
918 3069 960 3112 si
990 3080 1123 3112 unus
1158 3079 1271 3111 eum

215 3143 288 3185 sic
312 3140 601 3198 baptrzavit‚
626 3144 672 3184 et
703 3138 1033 3198 rebaptizavit
1057 3140 1170 3197 quis
1193 3150 1274 3181 ne-

213 3218 299 3268 get
333 3224 443 3254 eum
484 3210 905 3268 irregularitatem
945 3206 1271 3253 contrahere?

215 3280 543 3336 Quamobrem
572 3293 682 3323 cum
712 3278 932 3324 Trident.
951 3278 1128 3332 XXIV,
1152 3278 1205 3323 R.
1230 3279 1272 3329 6,

217 3356 517 3409 potestatem
564 3351 752 3394 dederit
799 3350 1064 3408 Episcopis
1105 3348 1269 3395 absol-

215 3421 361 3466 vendi
398 3435 426 3465 a
466 3420 667 3465 casibus
715 3420 926 3466 occultis
962 3420 1098 3465 R.1P.
1122 3433 1274 3465 reser-

218 3494 348 3537 xatis
388 3491 481 3535 sibi
525 3489 769 3538 subditos,
812 3495 864 3535 in
904 3494 1119 3536 dioecesi
1157 3505 1275 3543 sua,

218 3574 433 3621 cumque
467 3563 596 3604 inter
631 3559 722 3602 TT.
762 3575 856 3605 non
903 3563 1031 3606 satis
1065 3564 1274 3616 constet,

219 3639 387 3676 utruni
415 3631 537 3676 haec
558 3629 704 3674 verba
724 3631 782 3675 ad
805 3631 1141 3676 absolvent-em
1169 3647 1276 3692 per·

216 3705 423 3753 tineam,
446 3715 508 3747 an
523 3700 585 3746 ad
600 3700 978 3754 absolvendum,
999 3707 1146 3760 atque
1164 3702 1275 3749 ideo

1379 2430 1492 2473 uter
1515 2430 1685 2474 extare
1704 2428 1884 2475 debeat
1901 2432 1952 2476 in
1975 2428 2192 2476 dioecesi
2213 2441 2320 2485 sua,
2337 2441 2439 2476 non

1385 2497 1507 2543 bene
1543 2499 1722 2544 Sanch.
1748 2499 1804 2544 D.
1833 2500 1891 2553 11,
1926 2501 1991 2554 11,
2019 2502 2084 2544 18.
2109 2500 2440 2555 existimavit,
2519 2507 2548 2563 ζ

1379 2573 1615 2615 neutrum
1651 2572 1853 2630 requiri,
1892 2572 2012 2630 quia
2051 2576 2323 2632 utrumque
2359 2575 2441 2618 est
2471 2587 2477 2590 ·
2526 2575 2537 2595 '⁴

1378 2641 1642 2686 incertum.
1669 2642 1731 2686 Et
1762 2643 1876 2701 quis
1900 2642 2041 2694 ferat,
2065 2655 2110 2688 v.
2134 2655 2189 2695 c.,
2212 2655 2328 2688 eum
2350 2642 2440 2707 qui
2523 2640 2546 2699 ζ

1382 2711 1559 2762 media,
1586 2711 1861 2758 Sabbatum
1887 2713 2016 2758 inter
2039 2718 2087 2758 et
2109 2713 2439 2771 Dominicam,
2512 2727 2514 2729 ’
2540 2719 2548 2779 ’μ

1377 2787 1535 2829 nocte,
1561 2781 1683 2826 velit
1705 2785 1754 2826 et
1778 2784 1827 2827 in
1851 2796 2091 2842 praesens
2117 2783 2252 2830 vesci
2270 2795 2439 2840 carne,
2492 2789 2509 2808 ·’

1378 2854 1428 2894 et
1461 2855 1660 2910 postero
1685 2853 1765 2897 die
1789 2866 1988 2900 sacrum
2012 2853 2189 2908 facere3
2222 2866 2279 2900 eo
2303 2852 2443 2913 quod
2524 2891 2548 2917 *·-.

1378 2934 1440 2966 ex
1469 2935 1565 2968 uno
1587 2922 1843 2983 horologio
1865 2937 1973 2968 eam
2004 2924 2340 2984 praeteriisse.
2376 2936 2439 2970 ex
2528 2930 2548 2965 ’ἓ

1378 2992 1534 3038 altero
1579 2993 1801 3039 nondum
1853 2994 2118 3040 advenisse
2162 2993 2437 3055 appareat?

1379 3068 1468 3108 aut
1490 3077 1603 3109 eum
1628 3066 1729 3125 qui,
1748 3078 1860 3111 cum
1886 3067 2134 3111 incertum
2158 3067 2239 3117 sit,
2266 3069 2440 3112 utrum

1382 3132 1530 3179 hodie
1560 3136 1628 3180 sit
1642 3136 1907 3195 jamnium,
1934 3149 1996 3181 an
2020 3148 2148 3192 crae,
2169 3149 2331 3196 neque
2354 3134 2443 3182 ho-

1381 3206 1460 3250 die
1468 3206 1693 3264 jeJunare
1709 3206 1831 3251 velit
1844 3219 2004 3266 neque
2022 3205 2443 3265 postridie(Lugo
2536 3212 2538 3214 ’

1378 3290 1460 3320 nn.
1494 3275 1566 3328 50,
1598 3274 1714 3329 51)?

1444 3348 1494 3391 13
1516 3346 1696 3394 Baller.
1713 3346 1776 3393 ad
1794 3346 1933 3405 Gury
1948 3347 1982 3398 Ι,
2002 3347 2075 3401 80,
2094 3346 2146 3392 in
2164 3346 2248 3394 flu.
2267 3345 2442 3392 Veluti

1377 3420 1419 3464 si
1454 3420 1568 3476 quis
1602 3432 1663 3463 ex
1697 3421 2003 3463 testamento
2027 3418 2196 3463 minus
2229 3416 2442 3464 solemni

1379 3489 1526 3548 (quod
1563 3489 1645 3534 alii
1680 3493 1864 3542 ratum,
1893 3489 1978 3534 alii
2011 3488 2213 3533 irritum
2239 3489 2440 3546 putant)

1375 3556 1528 3618 quasi
1550 3565 1681 3614 rato,
1711 3558 2072 3604 haereditatem
2096 3569 2271 3616 capere
2297 3554 2439 3610 velit;

1378 3633 1529 3688 quasi
1562 3632 1730 3684 irrito,
1761 3630 1928 3687 legata
1957 3632 2213 3688 praestare
2246 3626 2385 3673 nolit.
