2548 4042
166 23 236 83 78
583 42 707 81 vans
741 40 943 80 rmn-
964 39 1384 81 rnouoousnn-
1402 30 1578 82 mser.
1600 41 1633 81 ι.
1656 41 1723 83 un
1743 10 2004 87 buoch
2033 33 2065 58 ff
2139 0 2282 90 {sni-2⁴³2*
2283 9 2486 201 ‘fissit

157 127 442 184 canonica
492 129 595 181 aut
637 125 815 225 civili,
846 125 1172 181 constituta
1219 126 1374 181 sunt.
1416 127 1634 191 Divina,
1672 141 1746 183 ea
1784 115 1952 230 quae
1978 62 2284 199 promum
2307 103 2540 202 ἶ.

161 305 316 360 enim
348 304 535 359 idonei
574 304 860 359 efficimur
899 304 1287 360 sacramentis
1329 305 1700 375 recipiendis,
1730 306 1838 361 hoc
1879 307 2306 366 ministrandis:
2337 293 2447 368 etr
2493 328 2499 335 ·

158 394 299 465 qnia
340 395 648 448 character
688 394 1015 462 hujusmodi
1061 394 1232 465 plane
1275 394 1610 450 indelebilis
1659 397 1766 461 est,
1809 396 2074 453 Ecclesia
2115 398 2243 455 sive
2282 398 2400 456 illis

160 483 527 553 recipiendiS,
566 482 691 538 sive
734 483 823 537 liis
865 483 1264 539 ministrandis
1299 484 1599 539 inidoneos
1639 499 1743 539 nos
1780 485 2014 542 efficere
2054 487 2402 544 nullatenus

162 577 353 644 potest
385 572 483 644 (l).
514 574 674 636 Quae
706 577 974 628 constent
999 590 1072 629 ex
1105 576 1242 643 jure
1271 589 1374 629 sen
1406 574 1703 638 canonico,
1746 591 1850 631 seu
1890 576 2053 634 civili
2093 578 2213 634 suis
2254 578 2401 636 locis

160 662 649 719 animadvertam:
690 664 835 718 haec
876 664 1060 719 minui
1104 665 1338 734 quidem
1383 668 1443 719 et
1482 665 1702 721 aboleri
1736 670 1992 734 possunt,
2034 668 2173 739 quia
2213 668 2402 726 omnis
2448 707 2453 709 >

158 768 255 808 res
297 769 398 821 per
448 767 846 824 quascumque
894 768 1101 808 causas
1150 754 1413 808 nascitur
1462 770 1565 824 per
1623 755 1857 811 easdem
1913 756 2275 822 dissolvitur:
2337 759 2402 814 at

159 842 417 913 quandiu
443 845 714 897 constant
755 843 918 897 nobis
959 844 1284 898 adhaerent
1328 845 1391 898 ut
1435 843 1595 913 lepra
1637 844 1776 907 cuti,
1808 860 2027 916 nosque
2069 849 2404 918 sequuntur

163 931 381 1004 ubique
422 936 711 987 terrarum
740 931 795 1001 (ἓ
822 934 911 994 22,
942 929 1013 1003 l).
1042 934 1201 988 Haec
1243 933 1637 1001 generaliter:
1668 950 1825 989 nunc
1867 935 1938 991 de
1979 935 2234 1006 singulis
2271 951 2398 1008 per·

162 1024 318 1078 sonis
347 1023 675 1085 videamus:
707 1027 765 1078 et
796 1023 979 1093 primo
1020 1024 1091 1078 de
1129 1023 1219 1078 his
1260 1023 1359 1093 qni
1402 1026 1540 1078 sunt
1581 1023 1639 1078 in
1671 1023 1959 1081 Ecclesia:
1989 1041 2026 1080 a
2054 1025 2287 1083 clericis
2316 1041 2406 1081 or-

159 1112 456 1169 diendum.

235 1205 326 1256 88.
356 1200 563 1256 Clerici
606 1204 743 1256 sunt
785 1217 987 1257 omnes
1030 1217 1221 1257 mares
1262 1202 1540 1272 baptizati
1583 1205 1880 1258 tonsuram
1922 1204 2141 1275 adepti.
2182 1204 2404 1261 Nihilo·

159 1292 354 1347 minus
374 1290 725 1346 Clericorum
749 1291 1144 1361 appellatione
1170 1293 1228 1346 in
1256 1292 1470 1348 odiosis
1500 1308 1613 1347 non
1638 1294 1886 1348 veniunt
1915 1293 2187 1365 episcopi,
2213 1294 2404 1364 digni-

158 1384 314 1436 tates
341 1381 433 1452 (2),
464 1384 522 1435 et
553 1382 838 1444 canonici,
875 1381 973 1451 qui
1017 1381 1413 1451 dignitatibus
1453 1383 1741 1438 accedunt
1773 1381 1864 1455 (3).
1895 1384 2016 1438 Nec
2056 1384 2402 1453 Regulares‚

164 1471 306 1525 licet
348 1472 648 1524 tonsuram
687 1470 905 1540 adepti,
948 1471 1101 1541 quod
1141 1476 1248 1526 aut
1288 1470 1487 1527 verius
1528 1475 1636 1535 est,
1678 1475 1784 1527 aut
1823 1473 2072 1543 aequius
2112 1476 2274 1528 certe
2302 1470 2403 1547 (4).

164 1558 374 1615 Clerici
410 1559 628 1628 duplici
667 1562 962 1629 potestate
1005 1560 1252 1630 praediti
1297 1560 1920 1630 sunt,jurisdictioniS,
1952 1564 2016 1617 et
2055 1561 2304 1619 ordinis:
2339 1562 2406 1616 il-

163 1649 276 1704 lius
317 1664 545 1718 regere,
577 1650 783 1718 ligare,
815 1652 876 1704 et
905 1649 1134 1706 solvere
1165 1652 1279 1714 est;
1313 1652 1487 1721 hujus
1528 1665 1891 1715 consecrare,
1928 1654 2003 1708 et.
2033 1652 2403 1708 benedicere.

163 1741 423 1810 Utraque
451 1755 488 1794 a
518 1738 750 1794 Christo
778 1741 837 1793 D.
862 1740 928 1794 N.
953 1741 1038 1795 eis
1068 1740 1392 1796 constituta
1419 1744 1510 1797 est
1536 1740 1629 1811 (5).
1652 1743 1912 1811 Utraque
1943 1741 2207 1812 pluribus
2240 1741 2405 1798 velut

162 1829 446 1898 gradibus
487 1832 734 1893 constat,
764 1845 1010 1900 quorum
1050 1830 1235 1886 series
1276 1830 1493 1886 dicitur
1531 1833 1848 1884 hierarchia.-
1895 1831 2031 1886 inde
2074 1830 2407 1886 hierarchia

156 1919 586 1988 jurisdictionis
629 1922 688 1973 et
729 1919 966 1974 ordinis.
997 1920 1242 1989 Utrique
1285 1920 1450 1975 velut
1486 1920 1709 1975 aditum
1755 1923 2014 1990 praestat
2044 1922 2303 1984 tonsura,
2334 1934 2407 1976 ea

167 2021 378 2078 nempe
405 2012 727 2062 caeremonia
754 2026 925 2073 sacra,
955 2026 1057 2078 qua
1089 2013 1203 2078 quis
1230 2026 1293 2062 ex
1321 2011 1470 2074 laico,
1483 2012 1560 2079 fit
1594 2012 1815 2064 clericus
1841 2007 1933 2079 (6),
1965 2015 2027 2066 et
2060 2010 2133 2065 ad
2174 2009 2407 2066 ordines

163 2097 579 2161 introducitur;
623 2102 682 2153 et
725 2100 787 2152 fit
829 2114 1014 2168 capax
1052 2099 1480 2167 Jurisdictionis
1530 2099 1987 2154 ecclesiasticae.
2030 2101 2108 2155 De
2152 2102 2403 2170 utraque

165 2188 403 2243 seorsim
448 2204 650 2258 pauca,
682 2204 782 2259 pro
824 2206 888 2243 re
931 2191 1148 2244 nostra.

237 2280 326 2333 89.
360 2277 515 2332 Ordo
558 2283 676 2333 est:
729 2280 943 2331 Gradus
981 2281 1213 2349 alicujus
1250 2279 1520 2351 potestatis
1559 2282 1629 2331 ad
1666 2282 1859 2332 altaris
1896 2280 2265 2332 ministerium.
2305 2277 2409 2331 Po·

164 2370 349 2423 testas
378 2368 596 2422 ordinis
625 2368 926 2422 confertur
953 2384 1121 2423 sacra
1149 2370 1545 2432 ordinatione:
1579 2385 1688 2424 nec
1716 2369 1864 2424 alias
1900 2368 2151 2423 conferri
2194 2368 2402 2436 potest.

166 2458 270 2511 Est
299 2457 483 2525 igitur
511 2458 799 2512 ordinatio
828 2459 995 2528 quasi
1023 2460 1332 2512 mandalum
1361 2459 1435 2514 ad
1463 2459 1655 2513 officia
1677 2474 1828 2528 quae
1858 2458 2044 2512 ordini
2089 2456 2409 2512 cohaerent

165 2548 434 2602 obeunda
469 2547 562 2618 (7).
591 2548 817 2603 Gradus
860 2549 1032 2618 hujus
1061 2549 1371 2618 potestatis
1400 2549 1675 2604 dicuntur
1702 2547 1966 2611 OrdineS,
1997 2546 2134 2602 inde
2174 2545 2407 2600 Ordinis

231 2792 245 2835 l
279 2790 337 2835 D.
362 2790 481 2835 Tho.
505 2791 548 2843 3,
576 2792 649 2842 64,
683 2791 712 2834 9
745 2790 808 2836 ad
833 2789 1238 2849 3.S.A1p11.v1,
1398 2791 1424 2833 4
1458 2788 1513 2834 V
1541 2788 1682 2848 Sayr.
1714 2786 1774 2834 V
1810 2788 1850 2843 4,
1884 2787 1956 2832 29.

166 2863 270 2915 265,
299 2874 343 2921 q.
381 2863 422 2915 3,
446 2861 554 2916 VII,
582 2863 677 2906 159.
710 2862 1155 2907 Communis-sima
1191 2867 1239 2906 ec
1398 2862 1427 2904 5
1459 2860 1601 2905 Matt.
1635 2835 1803 2914 28,18.

167 2938 324 2980 certa.
350 2933 408 2979 V.
430 2946 483 2986 c.,
511 2935 568 2977 ut
591 2932 919 2978 Sacramenta
946 2931 1129 2978 collata
1164 2932 1236 2976 vi·
1397 2933 1426 2976 6
1449 2928 1692 2987 Quaestio
1715 2928 1834 2975 olim
1858 2927 1970 2983 fuit,
1997 2931 2170 2975 utrum
2194 2930 2408 2974 tonsura

166 3004 355 3058 tendis,
391 3018 488 3050 non
524 3004 741 3050 valeant.
1341 3006 1476 3049 esset
1511 3001 1647 3055 ordo,
1681 3014 1770 3046 ceu
1806 2999 2122 3055 canonistae3
2155 3013 2220 3046 an
2258 3011 2404 3060 prae·

226 3076 254 3118 2
287 3076 362 3120 Ex
402 3076 456 3123 C.
496 3076 548 3120 15
582 3078 651 3122 De
686 3077 930 3131 Rescript.
974 3075 1029 3123 C.
1069 3074 1129 3118 22
1162 3075 1236 3121 De
1341 3073 1536 3133 paratio
1561 3071 1624 3118 ad
1651 3070 1868 3123 ordines,
1891 3083 1981 3116 ceu
2009 3069 2104 3116 TT.
2131 3067 2404 3116 contende-

172 3146 327 3192 Elect.
361 3148 410 3191 in
445 3147 508 3192 60.
542 3146 769 3205 Fagnan.
810 3146 862 3191 in
903 3147 948 3191 C.
977 3147 1237 3192 Bomemo·
1341 3143 1487 3198 bant:
1521 3155 1674 3203 quam
1699 3140 1979 3186 Tridentini
2013 3140 2106 3185 ΡΡ,
2134 3139 2411 3185 noluerunt

173 3219 291 3261 riae
322 3230 371 3261 n.
398 3216 453 3262 12
476 3220 548 3263 De
570 3218 760 3261 Postul.
786 3218 1020 3263 Praelat.
1343 3215 1567 3269 definire,
1588 3213 1709 3261 licet
1733 3226 1831 3258 non
1865 3211 2017 3258 dubie
2051 3209 2410 3257 inclinaverint

226 3288 255 3332 3
287 3286 443 3344 Fagn.
481 3288 507 3331 l.
543 3300 568 3332 c
617 3287 759 3333 Bai-b.
795 3287 835 3332 I.
869 3289 922 3332 E.
946 3288 1003 3333 U.
1027 3286 1063 3333 Ι.
1089 3287 1164 3342 39,
1194 3288 1239 3333 6.
1342 3287 1394 3331 in
1429 3287 1649 3332 sentent.
1682 3283 1776 3329 TT.
1812 3281 1885 3340 (V.
1910 3282 2050 3329 Sess.
2074 3279 2258 3327 XXIII.
2284 3279 2343 3327 R.
2364 3281 2409 3334 4,

169 3357 310 3404 Reiff.
333 3358 419 3410 111,
444 3359 480 3410 1,
505 3360 569 3403 14.
596 3358 782 3417 Nempe
806 3358 1123 3406 Cathedralis
1148 3359 1240 3403 Ec·
1340 3359 1387 3414 5,
1406 3359 1477 3415 6);
1500 3369 1629 3416 quae
1662 3355 1868 3400 tandem
1903 3353 2140 3399 obtinuit.

170 3429 353 3475 clesiae
376 3429 471 3486 (Ex
487 3428 542 3476 C.
563 3430 605 3473 ll
634 3443 706 3489 pr.
726 3430 800 3474 Dc
816 3431 1044 3486 Rescrip.
1069 3430 1120 3474 in
1145 3430 1195 3473 6⁰
1203 3441 1235 3483 ):
1398 3431 1426 3473 7
1460 3427 1537 3472 Ex
1566 3427 1583 3471 1
1606 3426 1792 3474 Corint.
1816 3424 1901 3479 IV,
1929 3426 1972 3477 13
2004 3425 2087 3469 Sz‘c
2110 3434 2206 3469 nos
2228 3422 2411 3470 emisti·

164 3501 255 3546 sed
281 3513 381 3546 non
405 3502 484 3546 est
505 3503 821 3558 perpetuum.
845 3498 1026 3544 Utrum
1057 3503 1107 3544 et
1129 3499 1239 3548 Col·
1341 3504 1445 3546 ‘met
1465 3501 1611 3544 homo
1632 3502 1690 3543 ut
1710 3508 1989 3543 Mmlsrnos
2018 3495 2239 3542 Christi.-
2259 3504 2408 3553 porro

166 3571 397 3630 legiatae,
413 3583 505 3617 ceu
525 3573 663 3616 retur
681 3569 876 3628 Selvag.
892 3570 1150 3626 (Ius,Can.
1167 3573 1239 3617 De
1340 3582 1486 3615 nemo
1510 3570 1672 3616 sumit
1690 3570 1792 3613 sibi
1813 3570 2056 3613 honorem
2081 3566 2173 3611 sed
2203 3565 2294 3625 qui
2318 3573 2407 3608 vo-

163 3643 344 3701 Benef.
378 3641 473 3687 Tit.
509 3640 665 3695 XVII,
699 3645 728 3696 g
758 3642 824 3693 18,
858 3655 904 3686 n.
939 3641 1002 3698 2).
1022 3654 1082 3686 ex
1106 3640 1239 3699 stylo
1287 3622 1291 3665 ⁸
1340 3652 1514 3686 carun
1536 3652 1571 3685 a
1594 3641 1698 3687 Deo
1722 3637 1890 3694 (Hebr.
1909 3636 1967 3692 V,
1983 3636 2044 3682 4).
2069 3634 2134 3680 Et
2154 3635 2410 3692 unusqui-

169 3712 365 3768 Curiae‚
390 3726 488 3758 non
514 3714 676 3759 ausim
711 3711 890 3758 dicere.
1341 3724 1464 3769 sque
1485 3711 1722 3758 minister
1751 3708 2027 3761 Ecclesiae,
2049 3707 2307 3764 quantum
2336 3705 2407 3749 ad
