2548 4042
138 106 238 163 428
383 125 506 163 mas
544 125 692 163 rain
720 138 741 149 -
770 126 1134 166 motteonssua
1159 140 1181 151 ·
1204 126 1377 166 macr.
1416 128 1494 167 vu.
1520 130 1584 169 ne
1617 129 2127 172 lausannen-amus

138 210 202 264 R.
232 207 294 262 P.
324 209 435 263 etsi
475 208 707 264 occulta
748 209 842 273 sit,
877 214 1068 280 potest
1107 213 1182 267 ab
1224 226 1296 268 ea
1334 211 1675 284 dispensare
1706 216 1838 288 (18).
1868 217 1957 274 Ad
1999 218 2288 286 ultimum,
2316 221 2366 278 si

138 300 280 354 haec
323 297 637 354 inciderint
675 301 814 355 ante
868 303 1202 371 susceptum
1253 302 1622 372 baptismum,
1668 309 1795 375 post
1844 306 1983 363 illud
2026 312 2366 380 susceptum

2374 0 2454 22 ·1-

2437 0 2548 264 ,ἢ

2473 103 2489 120 Α

2518 198 2523 207 ,

2525 267 2548 299 t..

137 387 545 456 irregularitas
586 405 658 444 ex
700 389 915 445 delicto
958 406 1072 445 non
1115 391 1491 461 intelligitur,
1534 394 1675 464 quia
1723 411 1826 466 per
1878 398 2228 468 baptismum
2268 403 2364 459 de·
2433 399 2436 402 ’

135 478 329 532 lentur
354 478 547 533 omnia
576 478 818 542 delicta;
862 480 963 534 sed
996 480 1141 536 sorte
1174 497 1279 536 nec
1309 498 1381 537 ex
1411 482 1665 549 defectu,
1693 499 1802 540 ceu
1842 491 2007 556 putat
2032 488 2364 556 Covarruv„

134 582 206 623 ne
247 567 454 623 melior
491 569 567 622 sit
609 569 866 623 conditio
907 585 1108 626 eorum
1150 572 1247 643 qui
1292 572 1670 643 deliquerunt
1702 574 1831 645 (19).

382 788 470 841 111.
504 803 579 841 nn
623 802 1161 843 muncupamurm
1205 803 1277 843 oe
1320 804 1642 856 ιΝΡΑΜῙΑΜ,
1675 809 1748 848 m·
1791 809 2113 854 spscmrnu

458 893 532 931 mv.
574 892 650 931 ΕΑ
694 893 852 936 QUAE
896 891 1322 935 communen
1366 895 1644 937 PROPTER
1688 897 2021 942 nanansnu.

206 1037 334 1090 430.
376 1034 636 1105 Denique
679 1035 1036 1106 irregulares
1076 1040 1214 1091 sunt
1262 1038 1361 1108 qui
1407 1039 1675 1095 laborant
1716 1040 1971 1099 infamia.
2006 1046 2248 1104 Infamia
2289 1065 2362 1106 ex

129 1125 346 1180 delicto
385 1127 506 1185 est:
536 1140 647 1179 non
678 1125 901 1195 quovis
938 1125 1191 1197 inquam,
1223 1130 1286 1183 ut
1315 1127 1369 1182 in
1405 1129 1591 1184 veteri
1621 1130 1929 1202 disciplina
1954 1133 2055 1204 (1);
2084 1136 2188 1191 sed
2229 1154 2363 1209 gra-

132 1216 295 1279 viori,
329 1216 479 1271 idest
519 1215 895 1285 depositione,
927 1217 1019 1272 vel
1067 1222 1347 1286 perpetua
1386 1220 1768 1288 suspensione
1810 1223 1990 1295 digno
2016 1224 2121 1297 (2);
2151 1234 2199 1281 ec
2215 1229 2362 1295 judi·

130 1309 291 1359 ciario
330 1307 508 1358 ordine
544 1308 875 1374 comprobato,
916 1308 998 1359 vel
1033 1307 1171 1359 alias
1210 1311 1404 1360 notorio
1430 1308 1523 1379 (3).
1565 1310 1650 1364 Ex
1691 1326 1805 1381 quo
1847 1313 2036 1383 palam
2078 1318 2188 1379 est,
2232 1334 2360 1374 eam

132 1413 246 1452 non
289 1410 363 1450 ex
404 1394 618 1451 delicto
659 1410 805 1458 esse,
834 1396 933 1450 sed
979 1396 1190 1459 verius,
1236 1412 1310 1451 ex
1352 1398 1539 1453 famae
1577 1399 1827 1456 defectu.
1856 1403 2226 1466 Quaestionis
2254 1412 2360 1473 est,

133 1490 328 1542 utrum
356 1485 542 1540 omnis
572 1485 978 1554 irregularitas
1021 1486 1347 1556 hujusmodi
1391 1487 1640 1543 dicenda
1679 1489 1756 1544 sit
1798 1490 2209 1562 irregularitas
2238 1512 2363 1567 pro·

137 1577 261 1647 pria
301 1575 752 1646 significatione,
781 1591 857 1630 an
901 1574 1227 1646 impropria.
1257 1576 1547 1632 Neutrum
1590 1579 1778 1648 plane,
1808 1584 1907 1638 sed
1953 1599 2051 1639 reo
2091 1586 2361 1643 condem·

133 1675 288 1729 nato,
318 1666 445 1720 sive
488 1665 535 1719 is
566 1665 737 1735 juris,
767 1681 874 1720 seu
915 1665 1053 1719 facti
1097 1666 1392 1721 infamiam
1437 1671 1815 1732 contraxerit,
1847 1687 1986 1729 vere
2029 1677 2089 1729 et
2130 1677 2358 1746 proprie

138 1756 482 1826 irregularis
503 1755 782 1817 efficitur;
810 1754 1052 1825 ideoque
1076 1770 1112 1810 a
1135 1756 1254 1810 solo
1277 1757 1341 1810 R.
1365 1758 1423 1810 Ρ.
1448 1758 1672 1816 directe
1695 1760 2019 1832 dispensari
2047 1768 2236 1834 potest
2260 1764 2360 1840 (4).

197 1975 250 2019 18
281 1974 331 2020 S.
366 1972 514 2033 Alph.
551 1971 660 2030 VII,
690 1972 792 2017 469.

198 2045 252 2090 19
284 2044 336 2090 L.
371 2045 399 2087 8
435 2046 463 2102 g
506 2046 540 2088 1.
567 2044 641 2090 De
673 2044 862 2090 Donat.
895 2045 1033 2091 inter
1065 2045 1163 2089 vir.

200 2117 216 2160 1
254 2116 309 2163 C.
351 2116 402 2159 21
451 2129 522 2175 pr.
555 2116 630 2162 De
662 2117 897 2161 Accusat.
934 2114 993 2160 In
1035 2115 1192 2160 veteri

133 2185 405 2247 disciplina
459 2187 928 2244 irreprehensibiles
982 2191 1032 2233 ec
1081 2189 1195 2233 sine

130 2259 346 2305 crimine
378 2270 490 2302 esse
529 2255 791 2316 oportebat
830 2255 1069 2303 ecclesiae
1102 2257 1194 2302 mi-

130 2330 323 2375 nistros
362 2327 526 2385 (Cone.
562 2326 763 2373 Nicaen.
797 2327 918 2374 Can.
942 2326 1052 2382 IX);
1085 2341 1195 2386 pro-

132 2400 248 2447 inde
287 2399 515 2455 infames,
549 2403 700 2458 atque
742 2398 854 2444 ideo
887 2397 1192 2458 irregulares

130 2470 459 2523 habebantur,
509 2474 566 2515 ut
611 2483 712 2515 uno
763 2468 909 2515 verbo
961 2468 1193 2523 dixerim,

129 2555 305 2590 omnes
335 2543 427 2600 qm·
454 2543 781 2588 Christianae
808 2543 933 2598 leyis
953 2553 1195 2587 normam

128 2615 441 2671 abjiciebant
474 2614 614 2665 (Can.
639 2612 875 2669 Infames
905 2612 968 2656 17.
1002 2612 1122 2660 Can.
1150 2611 1190 2655 6.

127 2698 173 2744 q.
204 2686 261 2743 l).
281 2683 442 2730 Hodie
467 2682 563 2730 alio
582 2682 696 2742 jure
733 2683 942 2735 utimur3
982 2685 1030 2727 et
1054 2681 1195 2727 nulla

131 2755 479 2815 irregularitas
524 2755 800 2800 incurritur
843 2754 943 2799 nisi
987 2754 1036 2798 in
1081 2753 1194 2812 Jure

130 2829 296 2885 (novo)
318 2827 388 2871 sit
410 2837 670 2884 expressa:
697 2824 814 2870 hinc
834 2838 876 2869 v.
896 2837 921 2870 c
942 2857 953 2878 ,
976 2823 1196 2883 rebapti-

129 2901 276 2942 zatus
309 2896 600 2955 ignoranter
637 2894 710 2952 (V.
744 2896 796 2943 C.
829 2897 909 2940 117
942 2898 1011 2942 De
1049 2894 1194 2939 Coras.

131 2966 261 3012 Dist.
294 2968 357 3021 6),
385 2980 482 3012 non
517 2970 594 3011 est
627 2965 848 3025 amplius
881 2965 1193 3024 irregularis.

189 3038 218 3082 2
240 3038 444 3084 Navarr.
462 3037 537 3091 27,
553 3038 640 3082 248
663 3051 735 3096 pr.
754 3036 895 3096 Sayr.
910 3036 1016 3090 VII,
1038 3037 1103 3087 12,
1126 3037 1195 3081 16.

129 3110 179 3156 S.
202 3108 351 3168 Alph.
376 3107 482 3162 Vll,
503 3108 608 3152 563.
638 3107 858 3162 Scilicet,
892 3121 988 3153 non
1023 3108 1194 3153 omnia

128 3180 312 3227 delicta
335 3180 762 3225 existimationem
791 3182 1001 3225 onerant
1025 3179 1097 3235 (C.
1123 3178 1195 3231 21,

127 3257 157 3305 ἓ
177 3254 215 3298 1.
238 3253 315 3299 De
329 3253 587 3309 accusat).
613 3252 678 3296 Et
700 3255 971 3309 perpetua,
989 3253 1079 3296 etc.
1102 3253 1195 3305 (Ex

129 3325 182 3372 C.
202 3326 243 3368 4.
261 3326 332 3370 De
350 3323 548 3376 ludia),
574 3323 695 3382 quia
716 3322 1065 3380 irregularitas
1085 3333 1195 3380 per-

130 3397 283 3453 petua
316 3397 408 3439 est.

190 3465 218 3508 3
255 3465 307 3513 C.
346 3463 439 3510 ult.
478 3464 555 3510 De
602 3465 771 3519 Temp.
817 3464 992 3508 ordin.
1031 3463 1190 3507 Noto-

130 3538 270 3580 rz'um
293 3538 463 3580 autem
489 3534 599 3579 heic
619 3534 897 3592 accipimus
922 3535 1194 3588 vulyatum

130 3606 323 3664 (haym.
346 3604 434 3660 lv,
454 3606 523 3662 4);
552 3607 600 3648 et
624 3602 747 3647 adeo
773 3605 1113 3654 manifestum,
1139 3605 1195 3647 ut

131 3675 273 3721 nulla
290 3676 455 3734 possit
473 3674 888 3733 tergiversatione
906 3673 1057 3719 celari
1078 3672 1193 3730 (Na-

134 3758 263 3791 varr.
292 3746 368 3797 25,
402 3745 475 3789 73.
508 3744 553 3788 S.
580 3742 728 3801 Alph.
753 3742 861 3796 VII,
884 3744 1008 3799 363).
1033 3744 1096 3788 Et
1121 3744 1191 3787 ni-

132 3814 411 3863 hilominus
454 3815 585 3860 inter
617 3813 827 3858 Nostros
871 3812 1192 3872 disputatum

1294 1964 1405 2019 fuit,
1440 1968 1611 2012 utrum
1647 1962 1770 2015 haec
1809 1969 2154 2030 irregularitas
2194 1974 2264 2020 sit
2297 1988 2360 2020 ex

1295 2035 1496 2091 delict-o,
1529 2050 1593 2083 an
1626 2051 1687 2083 ex
1722 2038 1920 2086 defectu
1952 2041 2184 2099 (famae),
2219 2043 2354 2091 idest

1300 2110 1470 2153 utrum
1505 2109 1768 2157 cohaereat
1791 2111 1988 2168 delicto,
2011 2127 2073 2160 an
2103 2114 2351 2163 infamiae.

1297 2180 1510 2237 Quidam
1531 2182 1679 2233 enim,
1697 2187 1750 2228 et
1771 2183 1955 2243 oppido
1971 2198 2152 2244 graves
2171 2186 2281 2243 Tit,
2303 2188 2356 2234 in

1297 2250 1378 2296 his
1411 2250 1556 2298 Suar.
1581 2253 1653 2307 -18,
1683 2254 1722 2307 l,
1752 2254 1816 2308 13,
1838 2258 1944 2306 etc..
1968 2260 2141 2302 tenent
2162 2270 2274 2304 esse
2296 2271 2359 2304 ex

1295 2321 1510 2369 delicto:
1546 2324 1652 2369 sive
1686 2323 1747 2370 de
1778 2324 1987 2372 infamia
2010 2327 2144 2387 juris
2177 2335 2359 2389 agatur

1295 2394 1403 2439 sive
1437 2393 1496 2439 de
1531 2395 1740 2443 infamia
1772 2396 1918 2444 facti:
1943 2398 2030 2452 ita,
2064 2413 2257 2461 nempe,
2283 2405 2355 2456 ut,

1298 2477 1353 2510 eo
1377 2469 1553 2524 postea
1575 2467 1825 2527 evulgat0,
1850 2469 1896 2513 l⁰
1913 2481 2116 2528 poenae,
2134 2482 2263 2530 quae
2284 2471 2358 2517 iu-

1294 2534 1475 2582 famiae
1505 2539 1785 2592 cohaerent,
1810 2538 1871 2584 ad
1897 2538 2027 2585 diem
2058 2541 2244 2600 patrati
2269 2543 2363 2589 cri-

1296 2607 1449 2653 minis
1461 2609 1885 2666 retrotrahantur;
1901 2614 1952 2656 et
1964 2611 2016 2655 2⁰
2029 2626 2143 2658 reus
2158 2613 2358 2660 interim

1296 2678 1376 2725 his
1420 2678 1670 2726 abstinere
1713 2680 1906 2734 debeat,
1954 2684 2140 2743 quibus
2187 2686 2360 2746 potest

1295 2750 1417 2809 quin
1444 2752 1670 2810 seipsum
1696 2752 1888 2811 prodat.
1910 2754 2222 2802 Contrariam
2247 2769 2355 2801 sen-

1294 2822 1506 2867 tentiam
1536 2826 1685 2874 tenet,
1719 2826 1775 2868 ut
1807 2827 1998 2871 ceteros
2031 2828 2353 2885 praeteream,

1294 2891 1494 2938 Covarr.
1513 2890 1674 2938 DIana
1692 2893 1774 2939 To.
1790 2893 1845 2939 V.
1864 2895 2022 2941 Tract.
2038 2895 2091 2944 V.
2111 2895 2273 2943 Resol.
2286 2897 2360 2943 39.

1297 2962 1499 3008 Navarr.
1524 2964 1593 3015 27,
1620 2963 1706 3008 248
1730 2977 1800 3022 pr.
1828 2965 1990 3010 Prima
2018 2970 2142 3011 sent.
2173 2965 2359 3014 nedum

1297 3048 1325 3079 a
1358 3034 1548 3094 regulis
1573 3035 1719 3094 juris,
1743 3034 1907 3081 sedet
1940 3049 1967 3081 a
1994 3036 2108 3096 Jure
2138 3040 2246 3083 tum
2273 3050 2361 3084 ca-

1298 3108 1478 3152 nonico
1496 3104 1575 3160 (V.
1592 3106 1688 3154 CC.
1713 3108 1756 3161 4,
1783 3107 1850 3151 17.
1876 3107 1952 3154 De
1980 3109 2107 3155 cler.
2125 3109 2361 3165 cordua),

1298 3181 1407 3222 turn
1430 3176 1583 3230 civili,
1611 3175 1814 3223 videtur
1847 3177 2034 3224 aliena:
2071 3180 2257 3226 etenim
2283 3181 2356 3225 in-

1297 3246 1451 3293 famia
1483 3248 1600 3294 facti
1636 3260 1754 3295 vera
1795 3248 2005 3295 infamia
2037 3263 2136 3296 non
2176 3253 2280 3308 est3
2309 3254 2361 3296 et

1298 3318 1504 3365 infamia
1529 3320 1662 3379 juris
1695 3333 1757 3365 ex
1790 3320 1999 3366 delictis
2029 3333 2229 3381 quoque
2260 3333 2363 3367 no·

1298 3390 1439 3435 toriis
1463 3403 1561 3435 non
1583 3403 1783 3450 semper
1809 3395 1942 3436 retro
1966 3390 2101 3436 valet
2133 3390 2210 3445 (L.
2236 3393 2251 3438 1
2286 3404 2358 3451 pr.

1302 3461 1371 3507 De
1385 3462 1466 3506 his
1482 3463 1574 3518 qui
1591 3465 1691 3506 noc.
1706 3460 1893 3518 infam.
1910 3460 1967 3507 V.
1986 3464 2014 3516 ἓ
2034 3461 2128 3516 122,
2148 3461 2240 3516 28).
2259 3460 2358 3508 Sed

1296 3545 1386 3576 nos
1410 3537 1610 3591 tempus
1635 3533 1870 3586 terimus5
1890 3546 2006 3578 nam
2029 3534 2141 3591 ipsa
2162 3532 2358 3578 dissen-

1296 3602 1372 3647 sio
1396 3601 1488 3646 ΤΤ.
1523 3601 1692 3648 obstat
1718 3602 2078 3661 irregularitati
2111 3600 2356 3662 quamdiu

1295 3671 1535 3717 delictum
1570 3671 1710 3718 latet.

1354 3745 1382 3786 4
1406 3742 1481 3786 Ex
1506 3741 1724 3788 Trident.
1743 3741 1923 3796 XXIV,
1942 3743 1994 3788 R.
2019 3743 2061 3785 6.
2081 3742 2144 3787 Et
2164 3742 2359 3801 quidni,

1294 3811 1533 3868 dices,·ab
1566 3812 1816 3873 Episcopo
1837 3814 1881 3859 si
1902 3814 2096 3859 oriatur
2118 3825 2180 3858 ex
2214 3811 2358 3859 adul·
