2554 4004
55 8 57 10 ’
136 4 210 62 22
1123 13 1383 57 Ρκοιιιωι
2259 51 2263 59 ,
2339 53 2350 61 .
2434 51 2464 82 r
2532 62 2542 75 ι

138 123 386 167 versare
417 122 613 174 manu,
634 108 695 163 et
724 100 822 160 ille
852 118 918 159 se
951 98 1192 159 multum
1223 97 1591 176 profuturum
1618 96 1788 171 sciat,
1819 95 1912 157 cui
1940 93 2003 157 S.
2024 76 2475 186 Alphousus'i'
2504 86 2551 168 ¹

2412 182 2418 198 ⁴.
2464 184 2554 215 .“ι-“’.91

141 198 314 259 valde
357 197 629 276 placebit.

223 295 358 371 Age
388 310 570 362 nunc3
603 310 776 368 quum
814 289 927 350 Th.
949 288 1242 348 Moralis
1228 309 1288 348 m
1319 288 1648 348 actionibus
1680 248 1951 348 humanis
1981 285 2372 364 dijudicandis
2476 295 2499 317 ’

48 442 51 445 ,
142 394 412 447 versetur
461 391 605 455 tota,
655 391 794 442 ante
849 384 1046 442 omnia
1104 384 1396 460 inspicere
1450 389 1685 459 oportet
1735 401 1886 459 quae
1938 383 2016 442 sit
2073 382 2371 443 actionum
2502 382 2541 394 ”

141 478 470 540 huiusmodi
518 488 726 553 suapte
756 484 972 535 natura
1002 477 1090 535 vis
1135 485 1195 535 et
1226 476 1404 547 rati03
1454 483 1570 535 tum
1605 475 1873 552 singulas
1905 494 2262 554 componere
2292 473 2367 535 ad

143 593 245 634 eas
278 571 671 647 obligationes
703 570 827 628 sive
863 589 1013 646 quae
1046 577 1182 628 sunt
1214 588 1555 628 communes
1587 570 1843 628 omnium
1889 569 2210 641 hominum,
2242 569 2372 628 sive

141 685 293 743 quae
346 663 811 722 Christianorum
854 664 1128 740 propriae
1173 671 1325 722 sunt.
1373 662 1769 727 Quamobrem
1815 665 1986 724 huius
2032 662 2371 723 Summulae

139 766 263 817 tres
296 764 470 816 erunt
500 763 730 833 partes:
779 757 966 832 prima
998 757 1235 832 regulas
1268 757 1584 832 generales
1617 759 1882 816 continet
1915 757 1987 815 de
2021 757 2372 828 actionibuS,

142 857 205 910 ut
249 871 323 911 ex
366 851 458 909 his
504 851 577 908 de
622 850 871 927 singulis
914 851 1189 908 iudicium
1236 851 1374 908 ferri
1422 852 1627 927 possit,
1673 870 1844 927 quarn
1892 851 2109 909 idcirco
2159 848 2376 908 Prole·
2468 840 2470 843 ’
2511 836 2516 839 ’

134 964 394 1022 qomemz
442 964 618 1004 voco:
673 943 862 1022 altera
909 943 1305 1019 obligationes
1360 943 1691 1019 ingreditur
1736 963 1886 1021 quae
1933 961 2139 1002 omnes
2186 941 2376 1001 homi·

140 1056 249 1098 nes
307 1044 547 1108 tenent;
609 1037 785 1095 tertia
830 1056 931 1095 eas
992 1038 1366 1114 prosequitur
1426 1057 1575 1114 quae
1634 1037 2004 1096 Christianos
2065 1036 2372 1095 dumtaxat

142 1130 537 1207 obstringunt.

141 1358 249 1404 sint
262 1358 472 1403 omnino
484 1358 842 1415 improbabiles
852 1357 978 1415 (Lib.
989 1357 1072 1411 111,
1084 1358 1206 1412 669„

138 1435 250 1476 tum
286 1428 427 1481 alios,
460 1432 550 1487 qui
582 1432 645 1475 cle
674 1429 830 1486 sacili
855 1433 1032 1474 notam
1057 1431 1204 1475 laoei-

140 1500 265 1547 tatis
295 1501 518 1545 inurunt
543 1501 626 1546 his
646 1511 782 1557 quae
810 1506 988 1557 aperte
1020 1502 1210 1557 impro-

139 1572 334 1618 babiles
372 1583 477 1616 non
523 1573 765 1617 videntur
812 1570 936 1625 (Lib.
982 1569 1067 1623 IV,
1113 1571 1209 1629 52).

139 1641 316 1701 Itaque
334 1639 584 1700 dispicere
609 1640 796 1685 iuverit
822 1653 1070 1701 quaenam
1097 1654 1208 1686 sen·

141 1714 329 1760 tentiae
370 1711 417 1758 S.
443 1711 644 1757 Doctori
690 1712 959 1758 videantur
1001 1713 1211 1757 omnino

140 1782 510 1843 improbabiles,
546 1787 602 1828 ut
636 1781 698 1829 ab
732 1784 804 1828 eis
840 1796 1014 1828 cavere
1049 1784 1212 1842 possi-

142 1868 272 1900 mus.
286 1854 351 1899 Et
363 1854 604 1906 intererit,
615 1857 804 1906 utrum,
818 1857 932 1912 post
950 1847 1213 1899 recitatam

142 1923 362 1971 alicuius
386 1924 710 1975 sententiam,
733 1924 842 1982 ipse
861 1937 1013 1969 suum
1038 1923 1099 1969 de
1123 1923 1214 1969 illa

143 1994 389 2042 iudicium
421 1995 658 2052 proferat,
690 2008 753 2040 an
794 1995 1043 2040 iudicium
1077 1995 1207 2040 alte·

142 2066 268 2117 rius,
301 2080 362 2111 au
396 2065 611 2110 nullum.
640 2066 654 2110 1
680 2065 731 2112 Si
757 2079 923 2117 suum.
958 2066 1210 2127 improba·

144 2136 269 2183 biles
303 2136 547 2182 dicendae
582 2150 681 2182 non
715 2141 837 2182 sunt
870 2137 1055 2183 nedum
1082 2138 1213 2192 illae,

142 2218 271 2267 quas
291 2206 415 2252 dicit
430 2219 534 2253 non
554 2209 937 2264 improbabiles,
961 2207 1055 2253 has
1080 2209 1213 2254 enim

143 2276 296 2324 habet
326 2283 384 2323 ul
403 2281 533 2323 satis
554 2280 847 2334 probabiles
877 2280 1054 2333 (Vina.
1086 2282 1215 2339 App.

142 2348 232 2401 111,
267 2349 294 2407 ἓ
321 2350 365 2399 2.
395 2362 445 2394 n.
477 2350 523 2401 3,
548 2348 601 2392 V.
629 2348 675 2394 S.
701 2349 851 2408 Alph.
881 2349 967 2405 111,
1005 2351 1135 2397 1012.
1159 2350 1215 2397 V.

143 2419 248 2473 265,
270 2432 316 2479 q.
343 2421 381 2474 1,
398 2421 502 2473 585,
525 2423 571 2466 d.
598 2421 657 2478 2),
681 2420 770 2466 sed
795 2434 884 2467 nec
922 2422 1053 2475 illae,
1086 2435 1214 2482 quas

143 2502 247 2537 non
297 2495 455 2538 audet
490 2494 856 2548 improbabiles
900 2495 1086 2546 dicere,
1136 2493 1214 2539 vel

146 2561 262 2607 aliis
294 2574 350 2609 se
379 2565 604 2615 remittit,
631 2576 703 2608 an
737 2566 841 2609 sint
867 2567 999 2609 salis
1022 2566 1211 2621 proba-

147 2632 294 2679 biles.-
326 2646 442 2678 nam
477 2633 679 2678 videtur
712 2646 797 2678 eas
830 2634 991 2680 alieno
1026 2634 1214 2680 iudicio

147 2702 428 2763 relinquere
467 2702 680 2763 (Vindic.
710 2717 758 2748 n.
785 2705 849 2757 3).
881 2705 1118 2752 Ceterum
1164 2707 1215 2750 in

148 2772 242 2819 has
306 2773 605 2833 regulariter
657 2774 880 2820 eundum
945 2778 1024 2821 est
1087 2776 1215 2835 pede

149 2844 353 2898 claud03
374 2847 527 2891 immo
550 2845 843 2892 nullatenus
862 2849 941 2891 est
963 2847 1211 2900 eundum;

148 2927 305 2974 eoque
341 2910 511 2961 minuis
546 2918 597 2962 in
631 2930 731 2969 eas,
763 2929 892 2975 quas
926 2929 1030 2963 non
1061 2921 1220 2964 audet

142 2988 441 3041 probabiles
473 2990 661 3035 dicere.
684 2987 729 3032 11
758 2988 812 3035 Si
846 2990 1074 3034 aliorum
1097 2992 1212 3033 tan-

148 3061 258 3100 tum
294 3057 540 3103 iudicium
575 3058 775 3118 profert,
810 3073 853 3103 v.
890 3071 946 3111 c.,
974 3060 1216 3104 Salman-

150 3128 235 3171 tie.
259 3128 394 3172 hanc
423 3130 713 3184 opinionem
745 3133 884 3175 salis
899 3131 1218 3188 probabilem

1300 1364 1511 1416 putant,
1545 1358 1748 1405 videtur
1791 1371 1906 1405 cum
1948 1359 2021 1404 eis
2054 1358 2240 1404 sentire
2273 1356 2370 1413 (Ex

1307 1429 1412 1476 Lib.
1437 1429 1473 1481 Ι,
1494 1431 1570 1485 70,
1593 1434 1623 1485 ἓ
1654 1430 1727 1475 85.
1761 1428 1892 1476 Edit.
1926 1429 2053 1484 1762,
2087 1427 2194 1475 Lib.
2217 1426 2279 1484 V,
2298 1427 2376 1473 52.

1306 1499 1411 1545 Lib.
1447 1499 1554 1554 VII,
1597 1501 1672 1555 87,
1714 1501 1871 1546 iunct.
1917 1499 2014 1558 QQ.
2058 1499 2157 1546 RR.
2200 1498 2237 1554 1,
2279 1498 2375 1556 93).

1307 1570 1394 1616 Sin
1428 1571 1634 1616 demum
1667 1570 1739 1616 111
1771 1573 1974 1618 nullum
2005 1583 2166 1631 neque
2199 1581 2371 1623 suum,

1309 1655 1468 1702 neque
1502 1642 1713 1688 alterius
1749 1641 1994 1688 iudicium
2023 1641 2279 1701 exprimit,
2299 1639 2375 1687 ita

1307 1712 1639 1759 statuendum
1675 1713 1898 1758 videtur:
1931 1714 1974 1777 10
2002 1712 2055 1759 Si
2089 1723 2245 1758 unam
2267 1720 2378 1758 son·

1308 1786 1518 1830 tentiam
1547 1786 1972 1841 probabiliorem,
1995 1786 2084 1829 aut
2115 1783 2371 1830 veriorem

1308 1858 1468 1908 vocat,
1496 1854 1556 1899 de
1579 1855 1831 1901 contraria
1863 1853 1992 1900 nihil
2025 1853 2216 1906 dicensi,
2231 1851 2365 1913 ipse·

1310 1929 1413 1970 met
1446 1939 1535 1971 nos
1572 1925 1729 1980 docet,
1754 1925 1885 1970 hanc
1911 1923 2054 1970 nulla
2074 1921 2240 1969 solida
2262 1934 2377 1983 pro·

1308 1995 1569 2042 habilitate
1603 1996 1699 2042 sibi
1733 1996 1918 2056 pollere
1952 1993 2077 2051 (Lib.
2109 1994 2168 2048 V,
2199 1994 2294 2047 76).
2321 1994 2371 2042 Si

1312 2081 1463 2112 unam
1487 2070 1688 2113 tantum
1713 2066 2019 2113 sententiam
2043 2066 2207 2119 refert,
2230 2064 2376 2125 eique

1312 2138 1439 2184 nihil
1473 2151 1681 2197 prorsus
1715 2137 1937 2197 opponit,
1979 2139 2029 2182 et
2071 2135 2160 2182 illa
2193 2150 2223 2182 a
2252 2147 2372 2196 gra-

1310 2208 1459 2255 vibus
1486 2208 1792 2255 Auctoribus
1823 2207 2059 2258 traditur,
2090 2206 2368 2258 tenendum
2415 2239 2417 2241 ·

1309 2282 1387 2325 est
1404 2293 1513 2325 eam
1534 2279 1756 2325 iudicare
1780 2281 1908 2325 satis
1926 2277 2252 2338 probabilem.
2273 2275 2375 2326 Sed

1311 2351 1423 2396 heic
1458 2351 1757 2396 admonendi
1781 2352 1904 2395 sunt
1924 2347 2083 2409 unS.
2108 2347 2375 2395 Ductorem

1310 2421 1501 2481 legunt,
1543 2436 1603 2467 ne
1649 2424 1829 2481 putent
1865 2421 2034 2480 ipsum
2079 2422 2249 2465 tenere
2290 2429 2379 2464 eas
2450 2458 2458 2467 .
2547 2406 2554 2413 ¹

1311 2495 1587 2539 Busembai
1619 2493 1898 2538 sententias
1922 2489 2108 2551 quibus
2135 2502 2236 2536 non
2263 2500 2380 2536 con-

1308 2563 1537 2618 tradicit3
1573 2565 1760 2623 quippe
1803 2561 1948 2607 illum
1987 2574 2081 2607 suo
2112 2559 2265 2619 Operi
2298 2558 2376 2606 in-

1310 2635 1485 2688 seruit,
1518 2647 1618 2679 non
1653 2637 1709 2678 ut
1753 2632 2023 2685 doctrinae,
2056 2631 2145 2676 sed
2185 2632 2245 2676 ut
2275 2641 2379 2675 me·

1309 2705 1525 2750 thodum
1558 2706 1667 2750 eius
1709 2707 2005 2764 sequeretur
2035 2701 2268 2759 (Praefat.
2307 2698 2372 2757 ad

1311 2775 1480 2821 Theoi.
1510 2775 1642 2822 Edit.
1671 2774 1972 2831 1762-1763);
2007 2775 2058 2818 et
2082 2773 2373 2819 methodum

1314 2850 1513 2891 tantum
1537 2846 1768 2901 (Dissert.
1800 2858 1875 2891 an.
1912 2845 2039 2896 1774,
2065 2843 2149 2889 cui
2169 2841 2378 2888 titulus:

1313 2918 1617 2963 Diehiaraz.
1639 2919 1722 2963 olel
1744 2918 1956 2962 sistema
1978 2917 2068 2962 che
2090 2919 2222 2961 tiene
2245 2913 2380 2958 l’Au·

1314 2991 1454 3045 iore).
1477 2988 1542 3033 Et
1573 3001 1624 3033 re
1657 2987 1862 3048 quidem
1904 3000 2022 3031 vera
2057 2985 2172 3032 illas
2205 2996 2374 3045 quau·

1313 3059 1474 3118 doque
1508 3058 1634 3104 alias
1659 3059 1822 3104 reiicit
1842 3056 1921 3115 (V.
1944 3055 2051 3103 Lib.
2078 3056 2116 3111 Ι,
2138 3056 2214 3102 60.
2235 3052 2371 3100 Edit.

1318 3130 1447 3183 1762,
1470 3128 1553 3182 VI,
1573 3129 1670 3185 55).
