2548 4042
148 2 254 62 224
572 0 700 64 uas
732 22 889 64 rain
907 0 1335 80 menedon-m
1341 27 1366 54 ‹-
1346 0 1772 68 fixam&
1758 0 1931 65 ιὲἷ
1951 15 2017 130 33³1
2024 60 2077 68 ,
2111 8 2190 85 ,ζμ
2207 4 2433 99 a}

151 196 411 251 viderint
438 194 822 259 Cauouistae;
856 197 967 250 ista
997 196 1285 265 Principis
1327 171 1705 252 beneficium
1723 197 2052 264 continent,
2078 199 2154 256 de
2180 165 2525 299 quibus}

150 285 263 339 hic.
293 285 365 340 Ut
406 284 756 355 rescriptum
799 284 992 339 valide
1037 284 1336 355 impetrari
1382 285 1578 356 possit,
1622 301 1868 343 necesse
1908 290 2016 352 est,
2059 293 2297 359 praeter
2323 300 2430 349 eu

150 466 350 534 ptione
393 465 623 519 laboret
652 461 757 536 (2):
787 468 1044 536 subreptio
1073 466 1289 520 dicitur
1318 466 1684 522 communius
1724 466 2050 543 reticentia
2084 468 2228 531 veri,
2256 469 2395 522 obre.-
2500 537 2506 543 .

138 557 247 624 prio
275 554 560 623 expositio
591 554 749 609 falsi:
780 555 899 609 ‹lixi
930 556 1312 617 communius,
1344 571 1477 610 nam
1517 555 1619 611 alii
1665 561 1887 621 contra,
1915 556 2019 612 alii
2052 557 2393 628 promiscue.
2421 628 2425 629 ἶ
2540 598 2548 619 ,

225 644 351 698 237.
396 644 479 699 Ne
531 644 734 714 petitio
786 646 1007 701 laboret
1063 646 1458 716 subreptione,
1506 662 1744 703 necesse
1794 649 1886 703 est
1943 663 2266 719 proponere
2318 655 2435 704 ea'
2501 620 2548 736 ᾖξ’

150 734 360 795 omnia,
391 738 451 788 et
480 750 552 788 ea
586 734 709 789 sola
748 750 901 806 quae
943 751 1047 791 seu
1079 738 1197 806 jus,
1227 750 1331 791 seu
1375 737 1565 806 stylus
1604 735 1815 792 Curiae
1842 737 2184 809 (Romanae)
2223 751 2395 808 expo·

151 838 291 878 nere
324 824 539 894 jubent
582 824 675 895 (3).
724 826 944 879 omnia.-
985 826 1112 881 ideo
1154 827 1200 880 si
1252 827 1391 897 quid
1441 842 1515 881 ex
1559 827 1648 881 his
1690 827 2016 890 reticueris,
2046 827 2395 897 rescriptum

151 912 373 967 nulliu's
413 915 691 969 momenti
737 919 856 970 est:
902 918 1171 986 quamvis
1211 921 1271 972 et
1313 919 1375 970 tu
1421 916 1735 971 reticueris
1778 917 2075 983 ignorans
2105 917 2199 973 vel
2245 918 2396 973 bona

153 1004 265 1058 fide
293 1002 393 1072 (4);
438 1012 498 1058 et
541 1005 887 1069 rescribens
917 1022 985 1061 eo
1014 1022 1244 1077 quoque
1285 1021 1581 1075 expreSSO,
1612 1006 1867 1075 gratiam
1905 1006 2235 1062 certissime
2264 1021 2400 1062 con·
2525 1019 2548 1084 j

151 1107 425 1148 cessurus
450 1094 762 1166 suisset(5).
788 1094 934 1148 Sola.-
962 1111 1115 1166 quae
1145 1097 1519 1159 communior,
1545 1099 1604 1151 et
1635 1097 1832 1151 verior
1853 1096 2158 1153 sententia
2179 1101 2269 1152 est
2292 1096 2395 1169 (6);
2534 1082 2548 1133 ⁴

150 1184 437 1255 quamvis,
466 1200 540 1239 ex
569 1186 816 1247 diverso,
852 1187 1201 1250 rescribens,
1243 1187 1482 1255 cognito
1519 1202 1588 1242 eo
1637 1188 1792 1258 quod
1834 1186 2099 1251 omisisti,
2141 1187 2397 1256 gratiam
2522 1171 2548 1191 ἠ

150 1274 494 1329 nullatenus
537 1275 743 1330 fuisset
784 1291 1187 1340 concessurus,
1230 1279 1412 1347 tuque
1456 1276 1723 1331 consulto
1767 1277 1912 1331 illud
1952 1277 2269 1333 reticueris
2301 1274 2396 1348 (7).
2526 1270 2548 1466 fii

210 1508 240 1551 2
270 1508 366 1557 CC.
394 1509 467 1560 27,
502 1508 560 1552 42
582 1510 656 1555 De
690 1512 933 1567 Rescript.
966 1509 1108 1567 Quod
1136 1525 1220 1556 ae—

152 1579 350 1625 stimari
383 1579 545 1631 debet.
569 1593 667 1626 non
693 1594 754 1625 ex
778 1580 947 1627 libello
982 1582 1138 1627 misso
1162 1582 1224 1628 ab

151 1649 450 1703 oratoribus,
494 1652 537 1697 si
574 1651 695 1696 forte
730 1651 857 1697 illud
896 1652 1222 1699 reformatum

151 1719 303 1766 fuerit
326 1723 375 1767 in
400 1722 569 1773 Curia,
605 1721 694 1767 sed
725 1735 787 1767 ex
811 1722 979 1769 libello
1002 1723 1222 1783 Principi

150 1790 317 1838 oblato
337 1792 537 1844 (Sanch.
571 1794 635 1839 M.
660 1792 792 1849 VIII,
814 1794 887 1849 21,
911 1795 1015 1852 57);
1037 1797 1222 1856 quippe

151 1861 273 1909 huic
305 1863 389 1909 ille
423 1864 669 1911 rescribit.
1326 1868 1386 1913 M.
1425 1866 1555 1917 VIII,
1588 1867 1662 1921 21,
1695 1880 1780 1912 nn.
1812 1867 1884 1921 59,
1913 1866 1985 1911 60.

213 1934 242 1979 3
275 1933 349 1978 Ex
385 1934 475 1982 CC⁴
512 1936 584 1988 27,
618 1936 676 1979 42
699 1937 773 1982 De
796 1937 966 1983 Rescr.
993 1937 1064 1982 De
1087 1939 1220 1984 Just.
1385 1939 1415 1982 5
1436 1938 1488 1986 C.
1513 1938 1572 1981 20
1600 1939 1673 1984 De
1695 1939 1944 1993 Rescript.
1968 1935 2242 1984 Sanch.·M.
2265 1934 2404 1993 VIII,

154 2004 192 2059 1,
217 2004 301 2060 IV,
324 2009 365 2060 4,
389 2005 506 2065 ibiq.
533 2006 637 2051 DD.
661 2007 930 2055 innumeri.
951 2009 1124 2068 Laym.
1150 2010 1220 2065 22,
1326 2010 1398 2064 21,
1430 2011 1493 2054 13.
1519 2009 1690 2068 Laym.
1715 2010 1788 2063 22,
1819 2010 1880 2053 18.
1907 2008 1979 2054 De
1998 2008 2134 2056 Just.
2157 2007 2195 2064 1,
2218 2008 2302 2063 IV,
2331 2010 2399 2064 14,

1271 1517 1280 2071 Ι
1327 1524 1373 1556 n.
1399 1511 1519 1569 347).
1543 1511 1681 1567 Quae
1706 1524 1834 1566 vern,
1860 1524 1951 1557 seu
1980 1524 2042 1558 ex
2067 1511 2198 1572 jure,
2219 1525 2311 1559 seu
2334 1525 2398 1559 ex

157 2078 225 2122 18.
260 2077 404 2123 Reiff.
436 2078 519 2132 IV,
554 2080 621 2123 21.
653 2081 840 2139 Appen.
866 2095 910 2125 n.
941 2081 1036 2125 148.
1062 2081 1225 2129 Collet
1334 2081 1399 2125 19.
1419 2080 1590 2126 Veluti
1616 2081 1656 2125 si
1677 2079 1977 2125 beneficium
1998 2081 2140 2140 petat
2163 2078 2397 2128 sacerdos

1327 1582 1461 1641 stylo
1479 1583 1648 1627 curiae
1668 1581 1992 1642 proponenda
2009 1583 2126 1638 sint,
2144 1582 2255 1628 suis
2268 1581 2396 1631 locis
2524 1583 2548 1609 ⁴

1325 1652 1403 1711 (V.
1437 1652 1618 1699 Sanch.
1651 1652 1717 1698 M.
1751 1651 1882 1704 VIII,
1916 1653 1990 1709 21,
2027 1653 2082 1699 10
2113 1656 2241 1707 οἱα),
2480 1704 2482 1706 ,
2525 1659 2541 1698 ⁴.

1386 1727 1412 1768 4
1441 1724 1665 1770 Parisius
1689 1725 1761 1770 De
1783 1726 1978 1781 Resiyn.
2004 1723 2301 1772 Muscardus
2324 1724 2402 1772 De
2519 1699 2548 1751 Ἃ

1327 1797 1532 1841 Probat.
1567 1796 1670 1840 846.
1699 1793 1771 1840 De
1793 1795 1927 1842 Just.
1965 1797 1992 1850 1,
2020 1794 2105 1851 IV,
2137 1795 2182 1841 9.
2216 1794 2401 1844 Sanch.
2469 1755 2548 1931 Ξ

151 2148 271 2208 Cap.
295 2148 376 2200 IV,
410 2151 519 2196 Art.
554 2153 592 2195 3.
629 2150 677 2196 S.
702 2151 850 2209 Alph.
886 2151 922 2204 I,
953 2154 1046 2196 185.
1084 2153 1141 2198 H.
1167 2155 1223 2199 A.
1327 2166 1480 2213 quam
1526 2151 1877 2210 dignissimuS,
1917 2151 2005 2210 qui
2054 2149 2197 2197 aliud
2246 2152 2401 2206 unius

152 2218 216 2274 11,
248 2222 320 2274 47,
355 2219 413 2267 V.
443 2220 626 2268 Sanch.
660 2222 723 2268 M.
748 2221 878 2275 VIII,
913 2223 982 2277 21,
1019 2238 1047 2269 a
1075 2238 1123 2270 n.
1157 2226 1222 2270 10.
1327 2223 1547 2270 teruncii
1580 2222 1877 2268 beneficium
1903 2221 2146 2281 possidet,
2172 2221 2308 2285 quod
2328 2234 2404 2269 re-

149 2290 254 2343 Ιαε,
280 2305 323 2335 v.
349 2305 403 2345 c.,
429 2294 472 2338 si
497 2295 705 2353 spurius
736 2293 810 2352 (V.
837 2300 867 2350 g
889 2295 994 2352 412)
1024 2295 1225 2355 dispen-
1328 2297 1476 2341 ticuit
1511 2294 1605 2352 (Ex
1640 2295 1691 2341 C.
1728 2294 1786 2338 23
1820 2294 1895 2340 De
1928 2294 2112 2341 Praeb.
2146 2293 2199 2339 in
2231 2293 2316 2347 6⁰).
2378 2310 2390 2314 “

1389 2367 1416 2410 6
1438 2366 1611 2420 Felin.,
1634 2365 1857 2425 Henriq,
1875 2364 1954 2419 Sa,
1977 2363 2116 2411 Grat.
2140 2363 2277 2412 Disc.
2294 2364 2400 2418 535,
2456 2363 2461 2374 ”
2486 2395 2492 2400 -

1327 2438 1407 2482 26:
1445 2436 1614 2482 Molin.
1650 2438 1742 2482 etc.
1782 2435 1848 2480 Et
1889 2438 2065 2481 tenent
2108 2434 2212 2482 DD.
2250 2448 2403 2496 prope
2479 2430 2499 2494 J

1326 2508 1579 2555 innumeri
1614 2506 1748 2567 apud
1779 2506 1963 2553 Sanch.
1987 2505 2052 2553 M.
2077 2505 2208 2560 vm,
2230 2506 2304 2560 21,
2332 2505 2402 2562 12,
2480 2567 2482 2569 ¹

1328 2584 1377 2624 et
1410 2593 1486 2638 ap.
1523 2579 1595 2624 De
1627 2578 1762 2624 Just.
1795 2577 1832 2633 Ι,
1869 2575 1953 2631 IV,
1995 2577 2038 2621 6.
2071 2574 2217 2622 Alias
2257 2576 2402 2624 nulla
2460 2610 2474 2638 :

1325 2651 1425 2696 fere
1458 2651 1623 2709 gratia
1654 2652 1790 2695 esset
1821 2651 1953 2702 tuta,
1986 2650 2036 2692 et
2068 2651 2228 2701 certa3
2263 2648 2400 2709 quod
2442 2648 2462 2667 ·’
2484 2700 2500 2710 ⁶

150 2366 295 2407 satus
330 2362 392 2408 ad
428 2362 726 2410 beneficium
759 2366 1047 2425 parochiale
1087 2367 1220 2412 obti-

151 2435 387 2490 nendum,
417 2439 607 2494 postea,
632 2436 726 2481 hoc
751 2436 950 2482 defectu
976 2437 1114 2483 haud
1140 2451 1223 2483 ex-

153 2518 345 2564 presso,
380 2506 442 2551 ad
478 2507 688 2552 alterum
728 2509 1016 2567 parochiale
1041 2508 1224 2554 benefi-

151 2577 286 2622 cium
321 2576 751 2636 dispensationem
785 2579 1064 2624 obtinuerit
1098 2581 1170 2633 (C.
1196 2579 1226 2622 2

156 2648 231 2694 De
263 2650 363 2694 Fil.
399 2652 663 2705 Praesbyt.
709 2651 759 2694 in
794 2650 883 2707 6⁰):
930 2665 1045 2697 cum
1091 2653 1223 2697 enim

153 2719 503 2778 irregularitas
536 2720 598 2766 ad
634 2735 791 2766 unum
835 2725 1033 2767 tantum
1069 2724 1219 2768 bene·

155 2790 325 2836 ficium
363 2790 565 2837 sublata
596 2791 796 2846 fuisset,
819 2806 949 2837 nova
981 2806 1071 2852 pro
1097 2807 1223 2838 novo

1327 2723 1451 2768 scite
1470 2719 1762 2780 Pignatell.:
1794 2723 2028 2765 controv.
2050 2720 2163 2764 For.
2182 2719 2302 2779 Cap.
2320 2718 2399 2774 87,
2471 2729 2499 2775 ζ,-

1326 2807 1373 2838 n.
1415 2794 1479 2838 13.
1512 2793 1652 2840 Ceut.
1687 2791 1732 2842 2,
1764 2790 1909 2836 Garz.
1944 2790 2019 2836 De
2052 2789 2232 2845 Renes.
2266 2788 2404 2845 VIII,

155 2860 396 2907 beneflcio
409 2863 788 2922 dispensatione
802 2877 929 2922 opus
942 2868 1049 2910 erat
1062 2864 1224 2922 (Suar.
1328 2866 1369 2917 3,
1386 2865 1457 2908 25.
1471 2863 1544 2908 De
1555 2864 1686 2907 Just.
1700 2862 1729 2906 l.
1746 2875 1784 2907 c.
1804 2877 1850 2906 n.
1868 2862 1922 2905 12
1935 2864 1984 2906 et
2001 2860 2164 2908 Collet
2181 2860 2301 2919 Cap.
2317 2857 2404 2919 VI,
2507 2854 2511 2861 ’

159 2932 237 2987 VI,
271 2934 344 2987 23,
378 2937 437 2985 4).
462 2935 636 2990 Stylus
670 2935 887 2988 Curiae,·
923 2949 966 2980 v.
994 2949 1050 2988 c,
1076 2949 1225 2995 spon·
1328 2938 1435 2981 Art.
1462 2934 1490 2978 2
1523 2935 1573 2979 in
1598 2933 1661 2985 fi.,
1688 2932 1970 2978 observant.
2006 2930 2187 2992 Itaque
2221 2931 2267 2977 si
2300 2929 2403 2977 duo

156 3018 267 3049 sam
318 3009 513 3064 raptam
563 3006 723 3052 fuisse
769 3006 831 3052 ab
873 3020 943 3061 eo,
977 3008 1063 3067 qui
1097 3008 1226 3067 petit
1329 3007 1455 3053 alter
1488 3005 1754 3056 haeretico,
1787 3001 2119 3062 alterJudaeo
2152 3003 2293 3061 patre
2316 3015 2405 3048 na·

156 3074 584 3133 dispensationem
611 3077 672 3122 ad
698 3078 1080 3123 matrimonium
1111 3091 1225 3124 cum
1330 3082 1415 3123 tus
1446 3075 1744 3122 beneficium
1780 3073 2032 3133 petierint,
2068 3072 2269 3119 reticita
2307 3072 2405 3118 ori-

157 3158 215 3190 ea
247 3147 661 3194 contrahendum.
697 3149 817 3195 Dixi
841 3150 1023 3198 Curiae
1048 3153 1228 3197 Roma·
1328 3150 1459 3209 gine,
1487 3146 1628 3191 illius
1654 3146 1831 3205 petitio
1854 3143 2162 3203 subreptitia
2184 3142 2280 3188 erit
2302 3141 2401 3200 (Ex

155 3227 277 3268 nae,
311 3218 429 3275 quia
464 3218 617 3279 huJus
651 3221 832 3268 Curiae
867 3221 1035 3279 stylus
1075 3220 1224 3266 dum·
1331 3221 1382 3267 C.
1410 3219 1455 3273 2,
1480 3218 1506 3276 ἓ
1531 3217 1574 3262 2.
1601 3215 1675 3263 De
1697 3218 1887 3262 haeret.
1918 3214 1971 3259 in
1999 3214 2085 3268 6⁰),
2120 3213 2273 3274 hujus
2305 3226 2405 3260 non

156 3289 303 3331 taxat
335 3288 453 3333 facit
479 3291 564 3349 jus
600 3292 671 3347 (C.
696 3291 724 3334 6
749 3292 823 3338 De
851 3291 1003 3338 Crim.
1035 3292 1230 3349 fal-sun:
1331 3292 1453 3336 item
1482 3288 1642 3339 (Pont-
1671 3287 1733 3332 M·
1764 3284 1890 3341 VIII,
1919 3284 1990 3341 17,
2013 3285 2078 3341 2)·
2534 3310 2548 3351 ,ι

158 3361 209 3403 et
241 3359 407 3405 solum
442 3362 492 3405 in
527 3362 680 3408 Curia
705 3363 947 3416 Romana;
981 3364 1080 3409 nisi
1106 3364 1230 3411 forte
1391 3362 1420 3403 7
1454 3358 1635 3407 Sanch.
1670 3357 1732 3402 M.
1765 3355 1898 3409 VIII,
1934 3356 2011 3413 2¹,
2049 3356 2115 3402 ¹8·
2158 3354 2302 3400 Pont.
2339 3352 2404 3399 Μ·
2527 3352 2548 3398 ῗ”

158 3443 185 3477 a
210 3431 264 3477 R.
289 3431 340 3477 P.
363 3433 693 3479 confirmatus
716 3435 870 3479 fuerit
905 3435 1064 3481 ‹Grat
1091 3437 1229 3482 Dirc.
1333 3432 1463 3486 VIII,
1495 3433 1559 3482 17,
1584 3429 1623 3474 2-
1649 3429 1795 3477 Salas
1817 3429 1961 3488 DiSP·
1984 3427 2054 3481 20,
2080 3425 2210 3473 Semi·
2240 3424 2309 3470 15·
2332 3423 2406 3470 De
2503 3375 2548 3498 ᾆξ’

101 3493 106 3497 ’
161 3505 369 3551 Forens.
389 3503 524 3549 Tom.
550 3503 611 3547 11.
640 3508 685 3548 C.
713 3507 813 3549 236.
838 3506 994 3560 Bald.,
1024 3506 1231 3559 Rebuff„
1332 3506 1463 3550 Just.
1488 3503 1522 3557 Ι,
1546 3502 1630 3557 IV,
1665 3502 1736 3545 31.
1761 3499 1967 3546 Scilicet
2000 3497 2210 3544 nullitas
2242 3494 2404 3556 hujtls

158 3582 332 3621 contra
356 3575 535 3622 Sanch.
563 3576 624 3620 M.
652 3574 780 3630 VIII,
809 3579 880 3630 21,
912 3579 997 3633 16).
1026 3577 1089 3622 Et
1113 3577 1234 3637 quia
1334 3573 1566 3633 rescripti
1585 3585 1746 3632 poena
1763 3572 1909 3624 esset,
1935 3581 2080 3629 quae,
2102 3567 2204 3614 nisi
2220 3565 2272 3612 in
2289 3566 2405 3645 Jure

159 3648 328 3707 stylus
362 3662 443 3694 res
475 3647 595 3693 facti
630 3651 722 3701 est,
757 3647 816 3692 de
845 3662 899 3693 eo
924 3648 1091 3707 palam
1118 3661 1232 3693 con·
1335 3647 1405 3691 sit
1427 3656 1684 3704 expressa,
1706 3655 1806 3687 non
1826 3640 2116 3686 incurritur.
2136 3636 2200 3682 Et
2222 3637 2274 3683 in
2292 3649 2400 3696 prl-
2508 3703 2510 3706 .

161 3726 295 3767 Stare
309 3718 1233 3777 debet(ManticaDec.8‚n.4;DeJust.
1338 3717 1437 3762 mis
1468 3726 1648 3761 censeo
1679 3725 1781 3780 nou
1814 3723 1924 3756 esse
1946 3708 2244 3768 petitionem
2275 3705 2400 3754 sub·
2451 3707 2491 3725 Ὁ
