2548 4042
421 34 547 74 mas
581 33 782 72 rain·
766 0 1168 75 »actaeonem
1192 14 1406 67 -τῐιΔοὶι
1433 14 1501 64 ’νἰ.
1523 0 1599 67 »κ’
1620 0 1805 63 heims
1819 0 1938 68 κίῗ
2032 0 2035 2 ’
2056 0 2068 4 ”
2163 0 2251 55 ”1⁷³
2281 0 2354 66 ’.”«

177 142 207 175 «
237 124 338 179 aut
361 133 507 174 ausu
531 113 844 171 temerario
868 112 1159 167 violantes
1181 107 1277 180 (5).
1294 107 1369 164 6·.
1390 107 1698 164 violantes
1718 105 2048 162 clausuram
2069 98 2454 162 Monialium
2502 153 2548 180 ’,Α

178 233 206 263 «
239 212 656 279 cujuscumque
698 201 937 271 generis
963 203 1067 254 aut
1097 197 1464 263 conditionis,
1494 211 1671 253 sexus
1698 194 1791 251 vel
1833 194 2052 250 aetatis
2092 191 2311 248 fuerint
2351 188 2455 247 in
2470 263 2473 266 Ι

181 323 208 351 «
241 316 340 355 ear
350 313 441 352 um
464 291 821 350 monasteria
842 293 1063 360 absque
1088 287 1356 356 legitima
1379 285 1619 342 licentia
1644 283 2055 354 ingrediend03
2076 282 2415 352 pariterque

180 412 206 440 ‹
240 405 339 445 eas
383 385 819 441 introducentes
862 380 955 435 vel
998 379 1395 439 admittenteS,
1436 377 1693 446 itemque
1737 373 2019 429 Moniales
2060 375 2132 427 ab
2176 371 2276 427 illo
2316 385 2412 427 ex·
2473 391 2481 397 ³

180 500 205 531 «
241 480 452 535 euntes
494 476 663 530 extra
703 486 873 526 casus
912 485 981 523 ac
1025 468 1266 521 formam
1306 482 1343 520 a
1386 463 1447 518 S.
1489 464 1588 518 Pio
1629 464 1676 518 V
1719 466 1776 518 in.
1823 462 1876 517 θ’.
1909 465 2095 518 Decori
2134 457 2415 531 praescri·

181 589 208 619 «
245 572 399 638 ptam
432 564 525 634 (6).
554 562 626 616 7⁰.
659 558 933 615 Mulieres
962 557 1252 612 violantes
1285 555 1646 623 regularium
1688 554 1943 607 virorum
1974 553 2324 614 clausuram,
2352 550 2416 605 et
2461 622 2467 630 .

182 678 210 710 «
243 655 583 726 Superiores
623 651 843 705 aliosve
886 663 985 702 eos
1013 646 1391 701 admittentes
1421 644 1513 716 (7).
1543 644 1620 698 8⁰.
1652 644 1804 698 Reos
1833 642 2113 697 simoniae
2150 638 2324 696 realis
2352 636 2412 693 in

183 767 211 799 «
245 743 547 801 beneficiis
587 740 1067 811 quibuscumque,
1111 750 1427 804 eorumque
1457 733 1784 803 complices.
1827 732 1899 787 90.
1943 733 2093 788 Reos
2136 728 2416 786 simoniae

183 857 211 887 «
245 830 673 890 confidentialis
716 828 770 882 in
817 825 1117 881 beneflciis
1168 824 1552 903 quibuslibet,
1591 823 2010 893 cuiuscumque
2059 821 2178 876 sint
2225 818 2417 889 digni·

184 946 213 976 α
247 924 402 980 tatis.
450 921 554 976 100.
597 920 746 974 Reos
794 916 1076 971 simoniae
1121 915 1296 968 realis
1338 914 1408 966 ob
1453 914 1782 981 ingressum
1828 910 1885 965 in
1928 910 2300 979 Religionem
2321 906 2418 980 (8).
2479 919 2482 923 ’

187 1040 215 1067 «ι
252 1014 355 1070 110.
383 1014 596 1067 Omnes
624 1009 719 1080 qui
754 1010 1060 1077 quaestum
1093 1004 1378 1059 facientes
1409 1018 1481 1058 ex
1515 1001 1903 1073 indulgentiis
1930 1000 2181 1071 aliisque
2210 998 2423 1069 gratiis

187 1126 216 1157 ‹
249 1102 649 1175 spiritualibus
691 1094 1310 1152 excommunicationis
1352 1108 1602 1148 censura
1644 1091 1984 1162 plectuntur
2025 1087 2086 1144 G.
2128 1090 2180 1146 S.
2215 1089 2303 1144 Pii
2347 1087 2418 1144 V.

193 1343 273 1386 cet
287 1339 552 1398 cooptatus
569 1334 698 1380 nihil
720 1333 971 1384 moliatur,
989 1335 1037 1377 et
1052 1332 1259 1391 planum

200 1418 291 1457 est.
325 1409 456 1467 Quid
490 1410 532 1452 si
559 1406 602 1452 b.
626 1406 655 1450 f.
678 1417 858 1450 nomen
886 1403 1044 1458 dedit,
1077 1398 1182 1455 sed',
1210 1415 1262 1447 re

1366 1344 1442 1375 res
1484 1336 1621 1386 sunt,
1660 1334 1721 1377 ut
1758 1333 2055 1388 hujusmodi
2095 1332 2428 1379 societatibus

1365 1404 1766 1455 adscribantur;
1791 1406 1863 1450 eie
1895 1404 2157 1458 intersint,
2177 1403 2257 1450 vel
2278 1404 2427 1461 ipsae

199 1483 469 1539 comperta,
518 1491 617 1523 non
666 1474 897 1529 discedit,
949 1488 1009 1519 an
1053 1473 1266 1532 effugiat

201 1546 808 1597 excommunicationem?
852 1546 1034 1591 etenim
1079 1557 1267 1591 nomen

196 1628 328 1670 dare
359 1633 598 1681 praesens
639 1623 844 1676 tempus
879 1615 1161 1675 significat:
1195 1615 1268 1660 ita

202 1706 347 1755 porro
381 1691 425 1737 si
471 1690 664 1735 invitus
707 1691 946 1739 remanet,
998 1699 1145 1732 secus
1187 1685 1266 1731 sin

209 1764 396 1814 volens,
422 1762 463 1807 si
491 1760 611 1822 quid
628 1758 820 1820 judico,
841 1758 960 1817 quia
984 1761 1148 1802 ratum
1184 1755 1270 1801 ha-

203 1835 301 1882 bet.
338 1833 482 1891 Quod
517 1836 687 1877 autem
721 1842 1020 1889 responsum
1059 1827 1156 1873 fuit
1189 1826 1269 1873 ab·

204 1904 473 1952 solvendos
506 1916 606 1949 non
636 1914 758 1957 esse,
788 1900 883 1946 etsi
913 1900 1269 1960 poenituerint,

209 1980 256 2023 si
299 1980 513 2023 eoeterne
544 1987 661 2020 cum
705 1973 858 2018 sociis
889 1973 1274 2018 communicant

216 2046 284 2106 (S.
308 2046 366 2094 U.
389 2046 424 2090 Ῐ.
452 2046 482 2090 5
503 2044 601 2090 Jul.
631 2044 779 2099 1837),
811 2056 924 2088 cum
959 2054 1114 2100 grano
1148 2040 1272 2087 salis

212 2117 562 2178 accipiendum
588 2119 732 2175 puto:
761 2114 881 2174 quid
907 2115 1038 2158 enim
1074 2114 1117 2158 si
1143 2125 1273 2158 com-

206 2190 487 2241 municant,
519 2200 580 2232 ne
616 2186 905 2246 suspicetur
930 2197 983 2230 se
1007 2183 1068 2230 ab
1094 2184 1167 2228 eis
1192 2183 1275 2227 de-

208 2258 466 2307 scivisse?
512 2259 705 2302 etenim.
743 2257 850 2302 neci
901 2259 1023 2302 sunt
1071 2255 1276 2309 addicti,

206 2343 360 2390 quam
387 2329 608 2386 effugere
633 2329 716 2372 vix
742 2326 982 2387 possibile
1004 2331 1098 2371 est.
1129 2327 1192 2371 Et
1215 2327 1277 2379 si,

204 2401 283 2447 vel
323 2406 462 2446 secta
498 2398 560 2445 ab
599 2399 671 2443 eis
706 2397 895 2456 aliquid
931 2396 1275 2448 emolumenti,

207 2472 286 2517 vel
321 2471 417 2530 ipsi
450 2484 478 2515 a
501 2473 641 2515 secta
667 2467 862 2527 aliquid
887 2468 1170 2527 spiritualis
1195 2467 1278 2512 de·

206 2542 435 2588 trimenti
470 2540 546 2585 vel
587 2540 671 2585 alii
716 2538 1014 2584 scandalum
1059 2540 1277 2597 capiant,

211 2613 333 2673 quia
358 2625 463 2657 rem
486 2611 669 2656 malam
695 2611 887 2655 faciunt
912 2610 1130 2655 naturali
1150 2610 1279 2670 jure,

212 2698 296 2730 eos
344 2682 605 2728 absolvere
648 2694 799 2740 grave
847 2685 946 2726 est:
990 2694 1137 2726 secus
1181 2694 1277 2726 non

206 2759 331 2816 puto
356 2767 442 2800 eos
461 2753 594 2799 illico
613 2751 931 2798 inabsolutos
951 2752 1280 2797 dimittendos

213 2838 356 2881 esse,
391 2825 477 2871 sed
512 2825 681 2870 omnia
704 2825 755 2868 in
790 2824 1139 2868 aestimatione
1165 2836 1282 2882 pru·

219 2897 390 2942 dentis
428 2901 480 2940 et
512 2895 748 2948 amantis,
784 2893 872 2938 sed
907 2906 1004 2939 non
1051 2893 1153 2948 diu,
1192 2906 1282 2939 nee

214 2968 429 3013 nimium
476 2966 789 3024 indulgentis
832 2964 1124 3011 confessarii
1171 2977 1282 3010 esse

214 3037 413 3090 debent,
447 3039 489 3083 si
523 3037 645 3096 quid
679 3036 866 3095 opinor.

276 3108 460 3153 Eorum
489 3121 618 3159 vero,
646 3109 733 3165 qui
761 3108 873 3152 huic
897 3119 1139 3152 excomm.
1165 3110 1284 3152 sunt

215 3178 434 3231 obnoxii,
454 3179 553 3223 duo
576 3183 700 3223 sunt
719 3191 914 3237 genera.
934 3177 1095 3223 UNUM
1113 3191 1284 3223 eorum

217 3250 306 3308 qui
339 3253 506 3294 sectae
531 3249 654 3293 dant
676 3261 880 3303 nomem
911 3248 988 3293 vel
1012 3250 1166 3294 sectis
1197 3249 1284 3293 liu-

214 3318 439 3378 jusmodi
460 3322 882 3377 qualemcumque
897 3319 1135 3376 favorem
1150 3332 1290 3379 prae-

220 3390 386 3443 stant;
422 3392 479 3433 ut
511 3402 621 3434 ecee
648 3390 734 3447 qui
759 3390 831 3434 eis
855 3389 1093 3451 praebent
1123 3392 1286 3436 consi-

226 3462 375 3514 lium,
389 3462 676 3514 auxilium,
690 3463 892 3516 palam,
906 3463 985 3506 vel
1002 3462 1058 3507 in
1075 3463 1288 3516 occulto;

223 3532 434 3586 directe,
462 3532 541 3576 vel
564 3533 830 3582 indirecte,
858 3545 957 3588 per
984 3545 1058 3587 se,
1090 3534 1170 3579 vel
1194 3545 1290 3589 per

223 3603 361 3646 alios
387 3625 409 3636 ·
435 3603 515 3648 vel
536 3603 955 3648 commoditatem
976 3602 1202 3659 faciunt,
1233 3609 1291 3649 ut

220 3672 410 3717 alieubi
445 3677 786 3718 convocentur
812 3696 832 3706 -
860 3672 936 3717 vel
972 3673 1084 3718 aliis
1120 3677 1290 3720 aucto·

1365 1475 1738 1532 quomodolibet
1748 1476 1934 1529 Juvent
1951 1486 2013 1519 ac
2028 1473 2235 1530 foveant
2254 1473 2429 1525 (Clam.

1366 1543 1473 1597 XII,
1498 1543 1528 1588 l.
1552 1557 1591 1590 c.
1613 1545 1640 1603 ξ
1659 1545 1721 1601 5).
1744 1546 2004 1590 Amanum
2025 1557 2211 1595 eorum,
2228 1545 2432 1604 quinon

1368 1614 1679 1661 denunciant
1695 1628 1866 1661 eorum
1885 1616 2109 1661 occultos
2129 1617 2433 1672 coriphaeoe

1369 1698 1433 1732 ac
1465 1689 1650 1739 duces,·
1674 1699 1765 1732 nec
1788 1689 2099 1732 excusantur
2118 1684 2251 1745 quod
2282 1683 2436 1732 hodie

1370 1770 1541 1803 eorum
1578 1758 1780 1802 nomina
1813 1770 1900 1816 per
1923 1756 2090 1813 libros,
2113 1761 2163 1803 et
2195 1758 2432 1817 epheme-

1371 1829 1504 1875 rides
1537 1829 1729 1888 passim
1764 1829 1988 1889 evulgari
2016 1828 2302 1877 soleantlS.
2318 1827 2376 1876 U.
2394 1826 2432 1874 1.
2520 1859 2548 1895 ,-

1379 1902 1393 1944 l
1423 1900 1564 1948 Febr.
1596 1901 1740 1958 1871),
1775 1900 1939 1960 quoad
1965 1901 2203 1960 evulgata
2230 1899 2437 1947 fuerint.

1372 1972 1460 2017 Eis
1481 1975 1647 2018 autem
1668 1972 1986 2018 denuncietis
2004 1974 2170 2018 cessat
2184 1969 2436 2032 ipsoJure,

1373 2057 1469 2089 non
1506 2044 1972 2097 excommunicatio,
1995 2057 2083 2090 ceu
2115 2043 2284 2089 visum
2317 2043 2435 2102 qui·
2472 2087 2474 2089 ,

1374 2114 1587 2161 busdam
1638 2117 1747 2163 (hoc
1782 2116 1913 2161 enim
1955 2118 2005 2160 et
2038 2129 2066 2160 a
2099 2114 2272 2174 regula
2306 2114 2439 2176 juris

1310 2227 1316 2235 ,
1376 2186 1600 2231 canonici
1628 2186 1654 2244 g
1681 2187 1784 2240 335,
1808 2190 1856 2231 et
1889 2200 1918 2232 a
1950 2185 2114 2232 verbis
2149 2186 2322 2234 Const.
2354 2198 2442 2232 no·

1377 2260 1510 2302 strae
1530 2262 1778 2303 remotum
1798 2260 1910 2313 est),
1929 2256 2017 2303 sed
2037 2259 2311 2303 reservatio
2332 2281 2354 2293 -
2370 2259 2442 2304 At

1378 2326 1526 2372 hodie
1566 2341 1710 2374 nemo
1743 2342 1801 2373 ea
1838 2330 2038 2374 tenetur
2059 2328 2146 2388 qui
2178 2326 2332 2375 libros
2356 2341 2442 2374 cu-

1371 2400 1540 2459 J'usvis
1565 2404 1730 2445 sectae
1754 2400 1966 2446 rituales
1985 2401 2216 2452 retinent,
2239 2399 2439 2459 legunt;

1377 2471 1564 2531 quippe
1583 2485 1666 2516 eos
1686 2471 1945 2531 praeteriit
1959 2474 2040 2527 (ex
2053 2471 2138 2516 cit.
2151 2469 2246 2518 CC.
2265 2469 2336 2515 Pii
2349 2468 2446 2516 vn

1381 2546 1430 2587 et
1461 2542 1643 2587 Leonis
1679 2541 1795 2601 XII)
1827 2543 1879 2589 C.
1904 2543 1988 2600 Ap.
2027 2542 2170 2589 Sedis
2202 2565 2223 2576 -
2251 2540 2354 2588 Nec
2385 2554 2446 2588 ea

1380 2617 1619 2659 tenentur
1649 2615 1734 2674 qui
1760 2613 1876 2670 aliis
1901 2611 2230 2660 societatibus
2262 2623 2445 2659 nomen
2528 2655 2529 2658 ,

1381 2683 1524 2734 dantz
1549 2684 1656 2729 sive
1680 2684 1889 2739 illicitis,
1910 2697 2001 2730 ceu
2019 2682 2224 2737 furium,
2242 2681 2447 2730 sicario-

1382 2769 1518 2811 rum3
1538 2756 1644 2800 sive
1662 2755 1833 2808 licitis,
1852 2769 1943 2801 ceu
1967 2756 2244 2802 Societatee
2263 2765 2448 2812 opera-

1382 2828 1599 2879 riorum,
1625 2838 1751 2884 quas
1782 2829 1974 2871 vocant.
1999 2825 2183 2871 Verum
2218 2823 2343 2871 nihil
2366 2825 2450 2871 hie

1384 2896 1743 2954 suspiciosius3
1763 2909 1877 2940 nam
1903 2897 1996 2941 etsi
2016 2895 2184 2954 specie
2202 2898 2352 2941 tenus
2369 2907 2450 2942 so·-

1385 2966 1491 3019 ciis,
1519 2979 1572 3010 re
1605 2968 1773 3011 tamen
1809 2979 1927 3011 vera
1959 2967 2112 3012 sectis
2147 2965 2449 3021 massonicis

1385 3035 1696 3095 opitulandis
1715 3037 1948 3082 inventae
1966 3040 2108 3090 sunt;
2125 3034 2452 3096 quamobrem

1385 3106 1762 3153 ordinariorum
1784 3109 1834 3151 et
1846 3107 1931 3166 Jus
1955 3110 2005 3152 et
2022 3105 2237 3152 officium
2262 3111 2342 3152 est
2363 3118 2452 3152 eas

1388 3178 1597 3237 vigilare
1608 3177 2024 3236 diligentissime;
2041 3181 2090 3222 et
2100 3178 2144 3224 si
2156 3176 2285 3237 quod
2297 3189 2453 3237 grave

1389 3248 1598 3295 dubium
1618 3251 1862 3303 occurrat,
1882 3262 1984 3294 rem
2009 3248 2070 3294 ad
2096 3248 2143 3295 S.
2166 3248 2223 3295 U.
2242 3248 2279 3294 I.
2297 3247 2454 3294 defer·-

1389 3334 1439 3365 re
1463 3319 1785 3376 <V.1nstruct.
1807 3319 1853 3366 S.
1870 3319 1925 3365 U.
1947 3320 1984 3365 1.
2007 3320 2056 3364 10
2074 3320 2191 3380 Maji
2213 3320 2452 3375 188494).

1449 3393 1479 3436 5
1511 3391 1615 3436 Tot.
1653 3390 1748 3436 Tit.
1780 3392 1855 3438 De
1887 3392 2036 3437 Imm.
2061 3392 2193 3438 Eccl.

1451 3462 1480 3506 6
1513 3461 1646 3507 Trid.
1680 3461 1833 3508 XXV.
1870 3464 1945 3510 De
1978 3462 2103 3519 Rea.
2133 3464 2176 3516 4,
2209 3462 2251 3507 5.

1451 3535 1478 3577 7
1512 3534 1564 3580 C.
1589 3532 1758 3580 Decet.
1780 3536 1830 3579 C.
1854 3535 2194 3591 Reyularium
2221 3531 2272 3580 S.
2291 3531 2367 3578 Pii
2390 3529 2449 3577 V.

1454 3604 1482 3647 8
1514 3604 1654 3649 Extr.
1690 3604 1731 3648 3.
1751 3603 1810 3649 D.
1834 3603 2019 3650 Simon.
2046 3605 2086 3661 7,
2108 3605 2136 3648 8
2161 3604 2213 3650 in
2237 3602 2347 3650 Par.
2366 3601 2455 3658 111,

1394 3675 1503 3720 suis
1538 3674 1660 3721 locis
1695 3675 1946 3734 agendum
1982 3678 2074 3721 est.
