2548 4042
402 0 528 36 uns
563 0 716 36 mma
740 9 765 21 ·
788 0 1159 38 Pitumnum:
1178 6 1204 21 ⁸·
1225 0 1400 36 mur·
1428 0 1589 38 vnn}
1622 0 1810 36 Potius·
1834 0 1902 36 m·
1928 0 2203 50 mm&
2235 0 2281 47 '3³2
2298 5 2307 39 s
2352 20 2355 26 ,

166 81 334 137 velut
370 79 762 140 homicidium.
791 79 1037 143 furtum
1064 80 1172 134 aut
1196 84 1366 142 accus,
1394 93 1537 140 e.·c..
1562 55 2019 145 matrimonium,
2060 55 2470 183 baptismii-sp&

164 168 459 225 absolutio
497 184 535 222 a
575 168 851 238 peccatis.
893 170 1059 222 Facta
1102 168 1445 238 plerumque
1489 166 1752 236 pluribus
1794 169 2062 238 partibus
2109 172 2511 263 constantssgg

167 261 227 314 et
266 258 431 313 velut
477 256 659 318 initio,
704 271 1038 325 progressu,
1079 271 1151 311 ac
1181 257 1321 312 fine:
1363 254 1532 311 initio
1560 257 1723 326 pravi
1754 257 1985 314 consilii
2028 259 2406 331 significatio,

170 361 483 416 progressu
514 350 775 408 conatus,
805 346 919 400 flue
958 345 1382 400 consummatio
1409 346 1748 401 continetur
1778 347 1919 421 (25):
1949 352 2181 420 quoties
2223 352 2421 422 igitur
2488 339 2499 422 ,¹
2530 367 2531 370 ’

168 438 385 494 sactum
427 441 750 499 coercetur,
795 453 986 506 neque
1026 436 1252 493 consilii
1301 437 1677 506 significatio,
1735 453 1930 509 neque
1983 446 2229 498 conatus
2270 446 2409 500 sunt

168 527 421 583 obnoxia
471 527 689 597 poenis,
744 527 845 581 sed
890 526 1109 581 sactum
1151 525 1387 596 penitus
1431 526 1763 581 absolutum
1803 525 1944 598 (26):
1990 532 2049 585 et
2091 531 2139 585 si
2185 532 2292 587 hoc
2332 532 2408 588 ab

169 617 381 673 effectu
413 616 570 685 capit
602 615 1039 684 perfectionem,
1071 630 1256 686 poena
1278 630 1391 668 non
1414 617 1581 670 tenet
1606 615 1919 671 facientem
1942 620 2134 689 quoad
2162 620 2410 676 effectus

169 709 459 778 sequutus
504 706 681 760 suerit
708 704 845 778 (27).
875 706 1041 759 Aecus
1084 704 1376 774 peri'ectus
1418 703 1782 773 intelligitur
1821 722 1953 760 cum
1996 708 2177 764 suerit
2219 709 2412 764 factus

159 797 315 867 jure,
355 793 495 865 quia
534 797 685 848 verba
723 811 843 849 cum
882 796 1056 862 effectu
1098 792 1373 863 (maxime
1419 794 1474 847 in
1518 793 1755 865 odiosis)
1793 796 2117 866 accipimus
2166 799 2242 868 (n.
2281 798 2409 867 22):

171 887 318 950 ide0,
350 890 412 941 ut
442 887 517 940 sit
550 887 750 955 poenis
778 886 1081 949 obnoxius,
1110 901 1255 954 opus
1281 890 1391 946 est,
1424 888 1488 939 ut
1518 885 1660 939 nihil
1705 889 2024 944 essentiale
2054 890 2180 945 sive
2209 896 2408 944 natura

168 992 287 1042 sva,
331 976 458 1031 sive
489 977 635 1043 jure,
667 975 749 1029 illi
793 975 947 1030 desit
973 975 1105 1044 (28).
1139 975 1202 1027 Si
1237 976 1443 1044 quando
1482 983 1658 1029 autem
1696 994 1806 1029 una
1848 985 1897 1032 et
1933 981 2105 1032 eadem
2139 981 2225 1034 lew
2263 987 2311 1035 et
2332 983 2415 1048 ir-

170 1068 298 1119 ritat
321 1063 438 1134 (vel
472 1066 701 1119 irritum
732 1065 1028 1133 supponit)
1052 1072 1248 1129 accam,
1275 1071 1322 1117 ec
1339 1071 1490 1132 ponit
1505 1083 1723 1134 poenam
1739 1069 1990 1133 facienti,
2014 1086 2180 1139 poena
2207 1070 2414 1140 quidem

163 1173 259 1225 por
295 1162 470 1208 actum
510 1158 590 1207 vel
617 1156 746 1221 jure
773 1156 985 1206 nullum
1013 1156 1334 1215 incurritur,
1365 1154 1504 1223 quia
1539 1154 1637 1209 lex
1668 1172 1779 1210 non
1809 1161 2029 1221 actum,
2057 1158 2164 1213 sed
2198 1158 2418 1215 factum

171 1242 421 1315 (ausum)
449 1249 684 1299 coercet
715 1242 858 1313 (29):
890 1258 1114 1305 verum,
1156 1247 1222 1296 ut
1246 1244 1463 1308 sactum
1502 1234 1643 1297 dici'
1662 1246 1859 1314 possit,
1912 1262 2154 1304 necesse
2196 1250 2307 1310 est,
2350 1251 2417 1303 ut

235 1474 295 1518 25
328 1473 384 1518 V.
418 1473 632 1519 Renazz.
653 1470 760 1518 Lib.
797 1470 832 1524 1,
870 1470 964 1515 Tit.
994 1472 1030 1516 l.
1059 1470 1247 1522 Titius,

177 1557 289 1597 ιο,
303 1557 474 1590 necem
490 1542 611 1591 Osio
630 1544 868 1587 minatur
882 1547 961 1586 (en
978 1541 1119 1599 pravi
1136 1554 1247 1587 con·

173 1615 278 1662 silii
304 1613 662 1672 signification
688 1612 856 1658 serius
877 1625 992 1657 eum
1026 1613 1069 1655 1⁰
1090 1625 1247 1670 quae·

175 1689 270 1741 rit5
293 1690 343 1731 et
363 1685 595 1744 quaesito
621 1686 669 1727 2⁰
695 1697 866 1729 ensem
900 1685 1148 1737 strinxit,
1183 1683 1245 1728 il-

175 1758 281 1804 lum
317 1755 663 1806 confossurus;
693 1755 782 1801 sed
808 1759 922 1801 actu
948 1754 997 1799 in
1023 1756 1133 1813 ipso
1156 1758 1244 1801 cie·

174 1832 344 1880 stitit:
390 1831 481 1874 aut
526 1827 574 1871 3⁰
611 1826 758 1882 ferit‘t
803 1828 1082 1878 incassum,
1129 1826 1250 1885 quia

178 1900 323 1960 Sejus
368 1898 578 1944 deflexit
623 1899 702 1953 (en
752 1901 966 1943 conatus
1005 1903 1251 1951 remotus,

172 1973 466 2028 prooeimus,
496 1973 964 2025 praeceryressus);
998 1966 1089 2012 sed
1133 1980 1248 2012 mox

179 2042 362 2087 iterum
393 2041 508 2085 ferit
542 2044 591 2084 et
624 2041 811 2085 occidit
841 2040 925 2096 (en
957 2043 1102 2085 aetus
1136 2053 1249 2085 con·

180 2113 508 2170 summatus).

238 2183 298 2227 26
329 2182 384 2228 L.
418 2183 492 2232 53,
533 2182 561 2239 ἓ
603 2183 742 2228 Sane
773 2183 849 2228 De
891 2182 942 2226 V.
983 2182 1027 2226 S.
1071 2181 1249 2240 Itaque

179 2267 316 2307 reus,
336 2267 380 2298 v.
399 2267 454 2304 c.,
470 2251 606 2310 falsi
629 2266 725 2297 non
745 2253 922 2311 estqui
945 2251 1240 2298 falsificatas

177 2326 353 2372 literas
387 2324 610 2370 nondum
649 2324 874 2382 signavit
910 2324 1007 2371 <Ex
1035 2322 1086 2368 L.
1110 2324 1153 2368 6.
1177 2326 1252 2369 Ad

181 2398 234 2442 L.
264 2399 412 2442 Corn.
437 2397 509 2442 De
528 2395 700 2451 falam
737 2408 853 2439 rens
878 2394 998 2439 furti
1025 2393 1248 2440 nondum

178 2466 368 2513 dicitur
400 2468 489 2523 qui
521 2467 659 2521 fur-ei
680 2465 921 2523 faciendi
944 2478 1112 2510 causa
1135 2478 1251 2510 con-

178 2539 325 2584 clave
355 2539 581 2582 intravit
617 2536 694 2592 (L.
730 2537 800 2588 21,
835 2541 864 2590 g
902 2537 999 2585 Qui
1039 2535 1182 2593 farti
1221 2538 1249 2579 7

184 2611 252 2654 De
286 2609 468 2662 Fara),
502 2621 596 2654 nec
627 2610 717 2665 qui
748 2607 966 2665 auferre
998 2620 1108 2654 rem
1130 2619 1243 2652 coe-

180 2683 351 2737 perit‚·
384 2679 473 2724 sed
497 2679 583 2736 qui
620 2678 889 2723 abstulerit
917 2677 990 2735 (L.
1022 2678 1091 2728 15,
1113 2677 1139 2732 ,8
1161 2679 1250 2722 Ab·

184 2752 401 2796 duxisse
435 2753 499 2795 de
532 2751 741 2806 Injvr.).

244 2821 302 2865 27
335 2820 489 2866 Tolet.
531 2822 564 2874 l,
598 2819 642 2871 9,
675 2821 737 2864 13.
778 2820 912 2868 Quid
946 2821 1085 2863 enim
1117 2821 1257 2865 obest

184 2897 404 2939 conatus
435 2905 553 2937 cum
590 2894 836 2938 delictum
878 2891 1084 2935 nullum
1127 2891 1250 2945 effe-

187 2970 328 3011 ctum
360 2965 601 3009 habuerit
634 2962 710 3019 (L.
740 2963 778 3011 l,
801 2966 829 3015 5
855 2963 891 3013 l,
930 2962 1072 3009 Quod
1094 2962 1255 3017 quicq.

189 3034 349 3090 iur.)⁴?
384 3034 599 3078 Etiamsi
634 3032 762 3078 nihil
798 3032 1021 3091 amplius
1055 3031 1149 3077 sibi
1187 3030 1258 3074 fa-

188 3104 421 3151 ciendum
458 3105 682 3162 supersit
712 3103 875 3154 (Suar.
899 3105 945 3148 h.
967 3108 999 3146 t.
1029 3101 1111 3155 IV,
1139 3102 1180 3154 3,
1206 3103 1254 3152 4;

188 3178 239 3220 et
276 3177 343 3220 De
374 3176 532 3228 Lemo.
570 3173 674 3219 Lib.
700 3173 757 3226 V,
782 3174 902 3232 Cap.
931 3173 1036 3230 34):
1070 3175 1256 3231 utputa

189 3243 535 3293 homicidium,
562 3243 728 3303 quoad
756 3257 888 3288 mors
910 3247 1130 3303 sequuta
1154 3241 1258 3287 fue-

189 3316 273 3366 rit:
298 3314 611 3364 mandatum,
630 3315 797 3373 quoad
826 3314 1177 3359 mandatarius
1203 3327 1260 3358 eo

191 3387 399 3432 functus
435 3387 502 3429 sit
537 3384 593 3440 (L
643 3386 715 3428 53.
749 3390 775 3437 ξ
799 3386 975 3440 Neque
998 3386 1160 3430 verbo.
1185 3384 1260 3430 De

192 3459 375 3514 Fara).
407 3455 509 3500 Nec
543 3455 712 3499 obstat
746 3455 798 3502 C.
835 3455 904 3498 27.
942 3456 1016 3501 De
1054 3456 1259 3507 Simon„

190 3540 291 3587 quo
314 3526 492 3572 electio
515 3524 576 3570 ad
605 3525 902 3570 beneficium
928 3525 1058 3570 facta
1079 3524 1140 3570 ab
1162 3525 1259 3579 his,

193 3599 282 3658 qui
316 3597 583 3657 pecuniam
629 3595 724 3640 sibi
769 3595 1002 3653 stipulati
1044 3595 1261 3649 fuerant,

195 3675 458 3727 tamquam
490 3668 785 3711 simoniaca
809 3667 1140 3722 reprobatur,
1163 3666 1260 3711 etsi

1350 1472 1567 1530 pecunia
1597 1474 1824 1519 nondum
1859 1475 2029 1521 soluta
2051 1476 2139 1524 sit:
2165 1476 2307 1524 aliud
2339 1481 2420 1525 est

1351 1542 1486 1588 enirn
1532 1543 1827 1592 electionem
1873 1554 2037 1592 ratam
2076 1561 2175 1593 non
2224 1546 2419 1604 haberi,

1351 1612 1488 1658 aliud
1514 1614 1761 1674 eligentes
1779 1630 1891 1663 esse
1909 1617 2047 1664 illico
2065 1619 2241 1678 poenis
2267 1602 2423 1666 obno-

1350 1685 1486 1734 xios;
1518 1683 1610 1730 hoc
1634 1698 1792 1732 canon
1818 1701 1915 1733 non
1945 1687 2084 1736 dicit.
2111 1688 2297 1736 Verum
2324 1689 2420 1737 hoc

1352 1754 1413 1799 ad
1439 1768 1523 1800 eos
1552 1756 1763 1803 effectus
1798 1759 2032 1817 pertinet,
2053 1759 2142 1820 qui
2168 1760 2422 1807 actionem

1351 1826 1626 1886 integrant:
1644 1828 1967 1887 quamobrem
1985 1831 2028 1875 si
2041 1830 2250 1877 effectus
2267 1831 2422 1878 actio·

1353 1911 1464 1942 nem
1500 1902 1639 1944 tuam
1676 1912 1773 1944 non
1819 1901 2055 1960 integrat,
2088 1900 2178 1947 sed
2221 1901 2420 1962 aliquid

1352 1968 1491 2013 aliud
1532 1969 1593 2014 ab
1634 1982 1691 2015 eo
1733 1973 1827 2021 est,
1861 1970 1985 2017 haec
2018 1971 2194 2031 regula
2226 1977 2422 2028 cessat3

1351 2044 1479 2099 puta
1512 2041 1555 2085 si
1590 2040 1641 2085 in
1673 2041 1867 2099 judicio
1910 2043 2151 2102 pejerasti
2194 2045 2255 2088 ut
2298 2054 2417 2088 reus

1354 2110 1715 2160 absolveretur.
1747 2116 1797 2156 et
1833 2113 1878 2157 is
1922 2111 2252 2160 nihilominus
2294 2126 2416 2160 con-

1354 2182 1625 2226 demnatus
1659 2183 1825 2236 fuerit,
1858 2183 1984 2230 lues.
2012 2183 2144 2230 Hinc
2166 2183 2286 2230 olim
2310 2183 2421 2230 Mo·

1354 2251 1503 2298 nachi
1538 2253 1905 2311 praedicantes,
1927 2254 2153 2300 decimas
2179 2267 2276 2300 non
2306 2267 2420 2300 esse

1356 2323 1640 2375 solvendas,
1666 2325 2034 2371 excommunic.
2058 2325 2170 2384 ipso
2192 2324 2326 2371 facto
2347 2324 2424 2370 in·

1357 2394 1625 2440 currebant
1666 2395 1845 2448 (clem.
1868 2396 1914 2448 3,
1943 2400 1973 2451 ἓ
2004 2396 2044 2442 2.
2081 2397 2157 2443 De
2191 2397 2422 2452 Poenism

1356 2464 1567 2523 ideoque
1601 2466 1751 2510 etiam
1788 2465 1969 2513 effectu
2005 2480 2104 2514 non
2138 2470 2372 2525 sequuta.

1416 2536 1474 2579 28
1498 2535 1641 2581 Suar.
1668 2538 1742 2581 De
1762 2538 1914 2591 Lemo
1955 2537 2008 2591 V,
2040 2538 2113 2590 34,
2144 2538 2208 2582 ¹3.
2238 2536 2426 2584 Sanch.

1358 2606 1419 2650 M.
1439 2605 1524 2658 111,
1545 2607 1585 2658 2,
1604 2609 1643 2652 5.
1666 2607 1879 2652 Proinde
1899 2607 1992 2654 hoc
2013 2607 2240 2662 verbum,
2257 2611 2425 2664 actus,

1357 2677 1427 2733 (v.
1464 2690 1504 2722 c.
1550 2679 1740 2737 emptio
1780 2682 1830 2722 et
1874 2679 2115 2732 venditio,
2160 2678 2422 2725 matrimo·

1357 2748 1515 2796 nium,
1539 2747 1845 2806 baptismus)
1869 2753 2038 2795 actum
2066 2749 2308 2802 validum,
2326 2762 2430 2796 non

1357 2817 1638 2862 invalidum
1665 2822 1714 2861 et
1738 2818 1937 2864 nullum
1962 2819 2221 2878 significat
2246 2818 2430 2873 (Clem.

1363 2888 1400 2939 l,
1423 2900 1469 2932 v.
1490 2889 1660 2943 Ιρίειιν
1682 2912 1700 2922 -
1723 2888 1836 2933 circ.
1863 2888 2030 2934 finem.
2060 2891 2126 2934 De
2154 2890 2285 2936 Sem.
2307 2893 2359 2935 et
2377 2901 2432 2936 re

1349 2959 1554 3014 ῥητῆς.»
1601 2971 1717 3003 nam
1762 2959 1906 3003 irrita
1949 2958 2188 3010 venditio,
2226 2959 2427 3006 irritum

1361 3029 1756 3081 matrimonium,
1796 3031 1887 3073 etc.
1931 3041 2034 3087 qua
2077 3030 2283 3090 emptio,
2327 3043 2431 3091 qua

1362 3099 1659 3150 mammon„
1684 3103 1795 3149 etc.,
1813 3099 1940 3144 nihil
1967 3103 2069 3146 est:
2093 3102 2142 3145 et
2164 3113 2262 3146 non
2289 3113 2429 3160 prae-

1361 3173 1465 3215 stat
1484 3170 1828 3228 impediment.
1844 3170 1977 3230 quod
2000 3170 2186 3230 deJ’ure
2205 3183 2301 3216 non
2327 3184 2432 3218 sor·

1360 3242 1489 3285 titur
1522 3240 1755 3286 effectum
1789 3241 1864 3295 (L.
1886 3243 1963 3287 55.
1985 3244 2056 3288 De
2078 3243 2136 3287 R.
2158 3240 2200 3288 J.
2222 3242 2272 3286 in
2295 3242 2383 3298 6··).

1420 3311 1479 3354 29
1511 3310 1654 3356 Suar.
1689 3311 1721 3357 l.
1742 3325 1783 3358 c.
1807 3311 1860 3357 L.
1896 3311 1961 3364 13,
1994 3316 2021 3366 g
2053 3313 2095 3356 4.
2127 3313 2201 3358 De
2230 3314 2314 3357 Itis
2341 3315 2432 3370 qui

1360 3385 1464 3427 not.
1497 3384 1554 3426 in
1584 3383 1638 3440 fi.
1672 3382 1726 3427 L.
1758 3384 1800 3427 4.
1833 3383 1885 3430 C.
1921 3386 1993 3429 De
2026 3383 2275 3429 Excusat.
2319 3384 2430 3429 Tut.

1366 3455 1583 3497 Irritat:
1611 3466 1653 3497 v.
1673 3466 1728 3505 c.,
1752 3452 2108 3499 alienationem
2134 3452 2326 3512 praedii
2351 3466 2430 3500 ec—

1364 3523 1637 3568 clesiastici
1662 3524 1771 3567 sine
1799 3523 2109 3583 beneplacito
2137 3522 2427 3582 Apostolieo

1369 3619 1389 3628 -
1434 3593 1804 3651 absolutionem
1854 3593 2113 3653 complicis
2155 3616 2176 3628 -
2210 3593 2433 3638 Irricwm

1365 3666 1628 3722 supponic3
1662 3678 1708 3710 v.
1741 3677 1798 3719 c„
1823 3664 2201 3710 matrimonium
2236 3665 2430 3711 sancti·
