2554 4004
291 6 315 52 ’.
350 6 351 10 ’
382 3 387 6 “
451 2 488 39 ⁴.»-
511 0 899 54 ζενψυ4
925 0 979 30 2⁸--
1026 0 1029 2 .

102 139 119 158 ”
165 85 251 130 ’Ἣ
302 71 783 173 1 ““’““ῦ“ ·’Ἰθωβό
822 94 1327 158 consenescimus.
1371 96 1527 161 Nam
1571 100 1798 179 (paucis
1841 101 2108 182 exceptis
2153 103 2272 183 qui,
2303 112 2443 184 Post

281 177 680 263 Alpbonsum,
722 185 1033 266 pulchram
1075 187 1131 250 ei
1177 207 1419 270 operam
1467 201 1762 255 navarunt
1806 202 1867 256 et
1911 195 1971 255 in
2022 196 2149 258 dies
2195 202 2442 274 navant)

0 333 108 370 ,-
192 273 364 353 quasi
416 275 637 339 viribus
687 276 1051 353 deficientes,
1101 284 1561 361 compendiariis
1614 286 2118 352 lucubrationibus
2171 293 2437 354 contenti

0 399 33 429 rr
61 384 105 444 ες
176 383 417 442 sumus,
449 379 509 430 et
551 389 653 445 ea;
685 390 838 453 quae
884 384 1117 436 veteres
1148 375 1276 437 ΤΤ.
1317 378 1501 457 longe
1545 380 1780 461 lateque
1827 393 2159 459 versarunt,
2193 387 2434 465 attingi·

194 478 325 523 mus
369 462 464 523 vix
508 467 752 526 summis
795 466 1017 546 digitis,
1048 477 1109 530 et
1153 474 1504 548 praesertim
1549 493 1622 535 ea
1666 469 1844 554 quae'
1874 479 1949 538 ad
1997 479 2278 540 iustitiam
2310 498 2436 560 per·

92 558 100 564 ’
193 556 389 622 tinent
417 559 558 636 (85).
607 561 783 622 Aliud
827 562 999 623 huius
1043 565 1260 625 aetatis
1305 566 1738 629 incommodum
1785 590 1919 630 esse
1966 571 2216 643 videtur,
2263 572 2439 651 quod,

193 651 668 734 indulgentiores
701 658 858 731 sacti,
883 659 1050 738 quasi
1082 662 1377 721 assentari
1412 661 1706 722 humanae
1740 664 2124 723 imbecillitati
2153 665 2435 725 videmur.

191 745 416 810 Verum
449 750 522 810 de
560 751 890 830 Theologis
934 753 1243 816 hactenus,
1289 754 1460 815 Nunc
1492 755 1564 816 de
1596 759 2021 817 controversiis
2055 766 2114 818 et
2146 758 2442 837 quaestio·

194 842 387 918 nibus,
425 865 576 924 quae
606 867 916 926 supremas
958 848 1196 927 regulas
1243 869 1470 911 morum
1516 852 1837 928 attingunt,
1873 853 2027 911 inter
2057 871 2160 911 eos
2194 853 2439 927 obortis,

192 957 402 1018 pauca.
451 939 710 1005 Quarum
758 962 908 1019 quae
957 944 1134 1003 suerit
1178 944 1347 1020 origo
1395 964 1514 1004 non
1560 946 1764 1023 pigeat
1816 946 2007 1005 obiter
2053 946 2431 1024 investigare.

273 1031 331 1093 8.
367 1033 430 1094 In
465 1033 802 1113 Theologia
844 1036 1082 1115 Morali,
1114 1046 1289 1117 prout
1334 1039 1395 1097 in
1439 1039 1704 1100 scientiis
1751 1041 1987 1118 ceteriS,
2034 1041 2215 1100 multa
2258 1059 2439 1120 saepe

95 1148 100 1152 ·
193 1139 513 1188 occurrunt
559 1130 616 1188 in
663 1129 790 1190 iure
837 1130 994 1191 haud
1039 1132 1186 1192 satis
1217 1132 1547 1211 explorata,
1580 1134 1830 1212 ideoque
1863 1134 2039 1194 dubia
2083 1142 2143 1195 et
2188 1136 2437 1196 incerta.

193 1219 387 1303 Super
422 1223 513 1283 his
547 1243 651 1302 per
681 1225 796 1284 tria
840 1234 901 1284 et
931 1225 1181 1303 amplius
1213 1226 1453 1287 saecula
1496 1235 1747 1287 steterat
1780 1228 2091 1307 unicuique
2137 1228 2438 1289 sententia

188 1333 322 1390 cua,
347 1317 543 1378 multis
575 1319 829 1396 (quoties
861 1319 1096 1380 dubium
1130 1339 1316 1398 grave
1347 1340 1417 1380 ac
1449 1321 1751 1399 probabile
1785 1322 1935 1382 ultro
1968 1323 2235 1399 citroque
2270 1322 2428 1382 vide·

191 1408 390 1487 batur)
423 1412 680 1473 libertati
713 1412 1106 1487 studentibuS,
1141 1414 1336 1475 multis
1378 1415 1526 1493 legi:
1561 1415 1666 1475 sed
1700 1416 1959 1476 nondum
1992 1417 2203 1494 aliquis
2235 1417 2433 1477 animo

191 1504 530 1583 agitaverat
561 1508 864 1584 suscipere
894 1527 968 1567 ex
1001 1508 1272 1586 professo
1314 1510 1705 1587 patrocinium
1738 1510 1982 1570 alterius
2029 1510 2317 1570 adversus
2349 1510 2433 1570 al·

188 1601 409 1658 teram:
456 1599 514 1657 id
559 1600 806 1676 primum
839 1600 1056 1661 factum
1101 1609 1194 1661 est
1239 1622 1421 1681 opera
1467 1603 1711 1663 Antonii
1747 1604 2170 1678 Cordubensis,
2202 1613 2261 1665 et
2290 1605 2434 1666 Bar-

189 1690 513 1753 tholomaei
532 1693 828 1755 Medinae.
857 1695 1058 1773 Itaque
1076 1696 1495 1770 CordubensiS‚
1514 1718 1609 1758 an.
1630 1698 1805 1770 1572,
1831 1717 1938 1776 pro
1964 1698 2099 1776 lege
2123 1699 2435 1760 decertare

191 1786 466 1860 instituit,
498 1788 888 1862 contendenS,
923 1790 979 1847 in
1014 1790 1204 1850 dubiis
1237 1790 1570 1851 huiusmodi
1616 1811 1852 1870 semper
1897 1802 2125 1869 partem
2158 1793 2432 1852 tutiorem

191 1880 511 1965 tenendam
544 1901 678 1942 esse
708 1881 850 1958 (86).
888 1882 995 1942 Cui
1027 1902 1101 1943 ex
1132 1884 1385 1944 adverso
1417 1886 1581 1945 stetit
1612 1905 1706 1945 an.
1750 1886 1903 1945 1577
1936 1886 2430 1947 Bartholomaeus

190 2145 371 2192 menta
393 2144 540 2190 Iuris
566 2146 770 2199 Civilis,
794 2147 1064 2202 Canonici,
1083 2150 1132 2193 ee
1157 2147 1263 2192 Cri·
1366 2145 1692 2199 Gallicorum,
1713 2158 1843 2206 quae
1866 2147 2002 2207 apud
2028 2160 2119 2194 nos
2154 2147 2431 2208 plurimum

188 2215 414 2262 οιὰιαὶίε
444 2218 517 2261 αα
549 2229 703 2262 usum
737 2217 930 2263 Semin.
962 2218 1182 2264 Reatini.
1207 2217 1262 2266 Ο.
1365 2217 1515 2272 valet,
1558 2217 1924 2276 deciperemur.
1958 2218 2091 2266 Haec
2135 2223 2306 2267 autem
2339 2233 2433 2267 nos

191 2296 273 2333 m.
301 2285 432 2333 18⁴1.
1365 2288 1539 2343 latius,
1584 2294 1634 2334 et
1678 2289 1802 2336 forte
1844 2302 1934 2349 pro
1968 2292 2140 2336 nostro
2180 2291 2436 2344 instituto,

250 2356 317 2404 85
347 2356 469 2404 Post
490 2357 658 2405 editas
680 2359 780 2405 fere
805 2359 989 2419 ubique
1017 2374 1172 2407 novas
1197 2361 1260 2407 le·
1363 2358 1481 2420 plus
1501 2374 1674 2421 aequo,
1701 2362 1996 2421 prosequuti
2020 2374 2225 2407 sumus:
2250 2374 2430 2423 nempe

186 2438 295 2489 gez.
313 2439 466 2490 caepe
483 2429 691 2490 saepius
715 2431 767 2476 in
795 2430 958 2477 multa
982 2431 1258 2478 incidimus
1366 2435 1423 2477 ut
1443 2431 1666 2483 Parochi.
1691 2433 1990 2492 praesertim
2016 2432 2225 2486 rui-alce,
2242 2431 2434 2480 edisce·

188 2512 223 2548 ι
251 2501 362 2548 iure
392 2502 649 2548 communi
687 2502 764 2549 vel
792 2501 1010 2555 diversa,
1035 2503 1112 2548 vel
1137 2517 1256 2550 con·
1363 2506 1475 2548 rent
1496 2515 1627 2563 quae
1649 2503 1784 2549 scitu
1810 2504 1974 2563 magis
1997 2504 2283 2550 necessaria
2304 2507 2428 2553 sunt

186 2570 371 2620 turin
406 2584 623 2629 cumque
658 2572 750 2619 hoc
783 2574 892 2619 iure
931 2579 1173 2635 perpetuo
1208 2578 1259 2621 et
1362 2572 1424 2619 ad
1448 2574 1824 2621 controversias
1845 2577 2005 2634 magis
2023 2574 2212 2627 obvias,
2234 2579 2284 2620 et
2305 2587 2431 2635 pene

185 2638 376 2704 ubique
395 2643 477 2690 usi
493 2642 682 2689 fuerint
700 2646 894 2690 veteres
914 2644 1008 2698 ΤΤ,
1024 2646 1121 2692 nisi
1142 2646 1262 2693 haec
1358 2643 1685 2704 quotidianas
1719 2645 1851 2691 inter
1881 2658 2002 2692 oves
2036 2659 2159 2692 suas
2182 2646 2429 2692 dirimen-

120 2734 160 2778 χ
187 2713 447 2762 sai-locis
472 2714 945 2771 animadvertimus,
967 2718 1259 2767 multi.illis
1361 2714 1479 2767 das:
1512 2728 1575 2761 ne
1607 2715 1956 2769 ruricolarum,
1982 2717 2033 2763 in
2066 2716 2253 2777 oppida
2283 2719 2335 2762 et
2355 2717 2432 2764 ci·

88 2781 107 2795 ''
186 2781 422 2841 ducibus,
454 2786 506 2832 in
542 2786 720 2833 multis
753 2787 1010 2835 errabunt.
1031 2789 1161 2836 Huic
1191 2792 1262 2836 in·
1363 2788 1548 2834 vitates
1582 2788 1979 2842 excurrentium,
2012 2787 2137 2834 tides
2171 2792 2221 2834 et
2253 2800 2433 2845 mores,

185 2854 449 2904 commodo
475 2860 531 2903 ut
552 2870 881 2915 occurrerem,
904 2858 1116 2919 legibus,
1141 2862 1256 2923 qui·
1361 2860 1675 2919 contagione,
1709 2858 1967 2910 doctrinis,
2007 2858 2209 2906 insidiis
2244 2872 2430 2920 pravo·

186 2921 287 2972 bun
302 2938 439 2975 nnnc
454 2930 908 2981 utimum-emanas
928 2931 1260 2991 legesffontes
1361 2943 1473 2976 rum
1508 2929 1773 2976 hominum
1806 2933 2213 2991 corrumpantur.
2236 2931 2296 2978 Si
2326 2942 2429 2978 an-

186 2996 417 3045 nniverni
449 2999 599 3058 iuris)
634 3000 862 3048 adiunxi.
887 3006 937 3048 et
958 3002 1163 3063 quando
1198 3003 1261 3050 ab
1355 3004 1498 3060 celos
1519 3002 1880 3056 iudicabimus,
1898 3005 2092 3060 quanto
2114 3004 2284 3061 maai-r
2305 3015 2425 3051 sae·

186 3067 264 3115 oin
276 3067 570 3131 discrepant
582 3069 835 3118 adnotavi.
851 3072 1127 3129 Praeterea,
1140 3087 1256 3122 cum
1359 3075 1570 3119 σπανία
1588 3075 1614 3117 ‚²

186 3138 272 3188 iu·
314 3142 547 3188 nostrum
592 3142 741 3189 civile
790 3156 852 3189 ex
903 3145 1009 3190 iure
1059 3157 1258 3206 quoque
1420 3144 1479 3187 86
1518 3147 1879 3195 Quaestionar.
1915 3146 2077 3194 Theoi.
2113 3144 2222 3193 Lib.
2248 3146 2295 3202 2,
2322 3159 2367 3208 q.
2391 3147 2436 3192 3.

186 3209 384 3260 Gallico
395 3211 627 3260 hauserit
644 3214 823 3268 multa,
841 3215 936 3263 hoc
954 3228 1156 3276 quoque
1175 3219 1257 3263 ius
1362 3214 1410 3259 Is
1446 3215 1505 3261 de
1539 3213 1687 3261 rebus
1720 3215 1997 3264 Moralibus
2021 3217 2237 3264 scribere
2261 3218 2428 3279 coepit

186 3293 388 3344 semper
413 3282 738 3345 allegandum
773 3286 1090 3334 existimavi:
1116 3293 1165 3334 et
1193 3290 1257 3334 si·
1361 3302 1403 3332 a.
1434 3287 1558 3332 1553.
1594 3286 1693 3334 Nec
1730 3286 1851 3334 bene
1887 3288 2112 3335 Mor-inus
2139 3287 2266 3347 (Lib.
2292 3288 2326 3334 1.
2358 3292 2431 3337 De

184 3353 391 3414 quando
424 3352 487 3402 ab
508 3357 791 3410 eorecedit,
814 3357 908 3406 hoc
937 3372 1138 3419 quoque
1163 3358 1254 3404 ad·
1363 3357 1556 3405 Poenie.
1588 3357 1709 3419 Cap.
1742 3357 1782 3412 1)
1816 3360 2038 3406 asseruit
2072 3373 2158 3419 per
2197 3359 2431 3408 undecim

185 3426 379 3481 notavi,
399 3425 716 3487 subiungens
742 3430 935 3476 contra
964 3432 1012 3475 C.
1043 3433 1098 3476 G.
1121 3433 1258 3477 Are...
1359 3429 1528 3489 priora
1549 3429 1754 3477 saecula
1776 3431 1866 3478 SS.
1886 3432 1986 3477 PP.
2009 3434 2065 3477 ἰη
2088 3443 2145 3478 eo
2167 3433 2347 3477 studio
2376 3443 2434 3480 se

184 3496 233 3544 ni
266 3495 330 3544 ab
350 3510 408 3544 eo
427 3498 636 3557 penitus
669 3498 855 3546 recedit
889 3501 968 3548 ius
997 3507 1256 3556 nostrum3
1362 3502 1570 3547 tantum
1602 3503 1919 3556 exercuisse,
1942 3506 2002 3549 ut
2026 3505 2319 3550 sacerdotes
2344 3505 2428 3549 do·

189 3591 214 3604 ·
230 3566 311 3614 vel
329 3591 352 3603 ·
373 3564 432 3615 V.
456 3567 503 3614 G.
532 3568 582 3615 G.
607 3571 754 3616 Art...
781 3571 825 3617 si
848 3571 911 3618 ab
933 3585 990 3618 eo
1012 3572 1257 3633 aliquate·
1358 3576 1548 3626 cer-ent,
1576 3573 1631 3619 in
1661 3585 1792 3619 casu
1823 3575 1976 3621 dubio
1999 3585 2203 3631 semper
2221 3577 2431 3631 partem

185 3650 287 3686 nus
308 3638 584 3699 discrepat:
617 3641 831 3697 scilicet,
853 3655 914 3688 ne
948 3645 999 3689 in
1024 3656 1080 3689 eo
1105 3644 1258 3690 inter·
1361 3657 1471 3693 eree
1482 3647 1726 3692 tutiorem
1744 3647 2049 3703 elevendam.
2068 3643 2427 3692 Desideramus

184 3711 434 3772 pret-ndo
450 3712 757 3760 auctoritate
774 3710 1259 3763 Iurisconsultorum
1358 3729 1534 3764 eorum
1567 3717 1872 3764 testimonia.
