2548 4042
160 23 259 81 154

150 754 508 821 regulariter
549 751 730 807 etiam
771 757 1076 822 postquam
1113 751 1518 820 praeterierit;
1549 750 1691 820 quia
1732 751 1846 806 duo
1877 751 2007 806 heic
2048 754 2186 808 sunt
2226 765 2400 821 regu-

150 842 359 897 lariter
403 842 556 910 legis
604 844 939 911 praecepta,
988 840 1132 903 dari,
1183 844 1245 894 et
1286 843 1449 894 certo
1490 843 1752 908 tempore
1796 839 1920 894 dari
1956 841 2084 913 (36),
2133 839 2403 911 exceptis
2464 872 2466 874 ν

153 933 514 1002 regulariter
544 931 633 986 his
661 947 813 1002 quae
841 931 1137 1000 pertinent
1158 930 1231 983 ad
1257 928 1607 997 religionem
1631 927 1819 1000 (velut
1840 930 2153 1000 jeJunium‚
2176 929 2404 986 auditio

152 1022 346 1093 sacri),
387 1022 603 1092 quippe
634 1021 941 1089 religionis
976 1021 1290 1090 praecepta
1319 1021 1458 1073 sunt
1488 1019 1665 1075 affixa
1694 1019 1831 1074 diei.
1862 1019 1916 1074 Si
1945 1025 2146 1074 autem
2175 1020 2402 1076 nullum
2488 1058 2497 1071 .

153 1113 384 1181 tempus
414 1112 471 1165 in
509 1112 644 1180 lege
685 1109 993 1165 definitum
1037 1112 1143 1172 est,
1174 1109 1220 1163 si
1254 1109 1351 1164 lex
1381 1109 1594 1179 jubeat
1633 1109 1858 1178 aliquid
1901 1110 2027 1165 fieri
2070 1113 2268 1176 statim,
2296 1111 2403 1166 hoc
2494 1143 2519 1163 =.

151 1202 498 1257 adverbium
530 1217 662 1255 cum
690 1201 891 1271 aliquo
925 1203 1386 1268 temperamento
1427 1198 1837 1269 accipiendum
1869 1202 1958 1254 est
1976 1199 2114 1271 (37);
2148 1199 2195 1253 si
2224 1215 2403 1270 quam·

151 1295 402 1361 primum,
430 1294 664 1360 tempus
693 1290 807 1345 erit
837 1290 895 1343 in
925 1288 1335 1344 aestimatione
1365 1287 1501 1343 boni
1531 1288 1640 1342 viri
1670 1287 1803 1360 (38).
1833 1289 1932 1343 Sin
1969 1289 2224 1360 denique
2255 1279 2423 1344 nihil

573 40 700 80 rans
736 38 892 80 rama
913 51 943 66 ·-
963 32 1379 82 »notmann-
1353 0 1570 81 -ιὲιιιιίἶ,
1588 35 1672 94 mi
1677 24 1751 86 ὀι
1747 0 2262 92 amc-w

233 126 355 179 167.
388 124 494 178 Suo
519 125 989 195 tempore.1taque
1024 124 1072 179 si
1115 126 1224 181 hoc
1263 127 1497 196 tempus
1537 125 1595 181 in
1638 103 1776 192 lege
1813 93 2149 184 definita&
2151 82 2353 196 est:
2332 121 2459 197 ,Α
2504 184 2509 195 ,η

150 213 307 268 intra
350 214 403 267 id
446 218 676 283 tempus
718 213 1014 283 implenda
1053 214 1185 277 erit,
1216 229 1425 284 nempe
1453 228 1530 271 ex
1557 229 1671 285 quo
1698 215 1877 271 cessit
1904 223 2092 288 usque
2131 217 2271 274 dum
2298 203 2506 285 vest

155 305 314 358 net-it
334 304 460 358 dies
482 303 537 371 (g
558 305 647 365 40,
676 302 791 374 20).
823 303 1212 358 Nihilominus
1242 304 1289 358 si
1319 304 1512 359 medio
1542 306 1803 375 tempore
1833 303 2135 362 immineat
2161 301 2467 378 aliquod*

151 392 648 462 impedimentum,
682 392 921 460 perinde
964 394 1295 448 habendum
1326 393 1459 454 erit.
1487 408 1558 447 ac
1586 393 1632 447 si
1671 407 1741 448 eo
1781 395 2240 463 superveniente
2270 376 2531 452 dies“·';.’÷.-.

150 484 384 538 venerit
415 484 542 551 (34).
575 483 650 535 At
692 497 831 536 vero
871 486 1190 553 autequam
1233 483 1358 537 dies
1397 484 1545 537 cedat
1589 496 1760 537 nemo
1807 485 2050 548 tenetur
2095 487 2399 556 praestare
2477 489 2525 543 kl*

155 572 213 627 id
253 573 406 641 quod
448 573 541 626 lex
575 573 766 641 jubet,
811 571 982 626 immo
1023 588 1132 627 nec
1176 575 1386 641 potest,
1422 571 1563 641 quia
1608 572 1864 627 nondum
1892 573 2094 629 subest
2124 574 2248 638 lex;
2283 573 2418 634 nisi
2478 590 2507 640 ⁴..

154 662 298 716 sorte
343 663 449 716 hoc
492 662 569 715 sit
595 661 821 731 aliquid
849 662 1000 731 quod
1030 662 1424 731 adjustitiam
1459 661 1713 729 pertinet
1741 660 1876 734 (35).
1903 660 2119 718 Contra
2154 665 2396 719 tenetur
2487 667 2494 671 ’

155 1496 268 1540 tum
295 1507 395 1539 non
421 1493 680 1554 imputari,
702 1494 823 1553 quia
846 1494 1014 1553 ipsum
1040 1491 1225 1538 latuit?

155 1564 292 1618 Dixi,
311 1578 437 1618 ‚cum
476 1569 539 1612 de
577 1568 846 1611 liberando
879 1564 1074 1624 agitur:
1110 1577 1226 1609 nam

155 1638 200 1683 si
243 1636 304 1682 de
350 1636 593 1682 lucrando
630 1636 801 1695 aliquo
842 1638 1024 1695 agitur,
1065 1635 1228 1680 verior

154 1710 233 1753 est
265 1707 453 1759 Samii,
485 1707 801 1767 aliorumque
841 1706 1097 1752 sententia
1131 1706 1227 1750 (Ex

152 1779 209 1825 L.
241 1779 286 1824 2.
311 1782 385 1825 De
413 1781 607 1825 Condit.
643 1784 691 1826 et
721 1783 962 1830 demon).
978 1777 1149 1824 Veluti
1183 1778 1228 1823 si

156 1853 287 1911 quis,
324 1851 406 1896 his
441 1850 634 1900 diebus,
669 1849 854 1909 quibus
891 1849 1228 1909 jejunandum

156 1926 236 1968 est
270 1922 333 1967 ad
368 1920 996 1980 lucrandumjubilaeum,
1018 1920 1228 1979 ignarus

150 1991 381 2053 jubilaei.
437 2005 499 2036 ex
554 2005 650 2037 sua
702 1991 970 2037 devotione
1019 1991 1227 2050 jejunet.

152 2063 299 2108 Adde
326 2062 378 2108 1..
402 2064 462 2107 62
488 2077 560 2122 pr.
584 2065 657 2109 De
689 2065 748 2109 A.
783 2065 844 2109 H.
876 2062 949 2110 Cf.
972 2062 1109 2107 Alas.
1145 2060 1228 2116 IV,

157 2132 267 2187 vn,
298 2134 342 2178 2.

218 2204 277 2249 34
306 2204 451 2251 Suar.
479 2208 550 2252 De
581 2207 700 2250 Voto
724 2204 809 2257 IV,
837 2205 903 2256 15,
928 2205 970 2250 7.
1004 2203 1052 2249 S.
1077 2203 1228 2263 Alph.

155 2275 239 2326 lv,
280 2278 382 2326 155;
423 2276 496 2328 VI,
530 2276 631 2321 298.
667 2275 736 2321 Ut
770 2278 909 2336 puta,
946 2276 989 2321 si
1024 2287 1228 2320 necesse

157 2345 347 2392 habeas
381 2348 491 2406 ipso
515 2346 782 2392 Paschatis
811 2346 891 2391 die
921 2346 1120 2404 longam
1144 2359 1230 2404 pe-

156 2420 549 2476 regrinationem
582 2418 722 2462 inire.
749 2417 907 2463 Heinc
932 2421 1131 2462 tenetur
1154 2416 1227 2461 di-

154 2487 327 2534 luculo
356 2489 501 2532 horas
536 2490 807 2534 canonicas
844 2488 1071 2542 recitare,
1109 2487 1225 2533 mis·

156 2572 268 2605 sam
303 2560 494 2609 audire,
532 2559 619 2618 qui
656 2561 821 2604 serius
855 2559 1032 2617 nequit
1066 2558 1228 2617 ‹Lugo

157 2633 231 2676 De
262 2631 419 2675 Euch.
455 2631 521 2680 16,
567 2631 637 2673 75.
686 2633 755 2676 De
791 2631 981 2676 Poenit.
1027 2630 1091 2680 15,
1131 2631 1228 2675 182.

155 2699 367 2747 Salmat.
385 2699 663 2754 X1.111,6o,
681 2700 760 2747 67:
782 2700 827 2745 S.
842 2699 987 2759 Alph.
1006 2699 1089 2751 IV,
1109 2700 1227 2756 155),

155 2785 200 2815 v.
240 2783 282 2816 c.
327 2771 389 2817 ob
429 2770 604 2817 febrim
650 2770 941 2816 redeuntem
985 2769 1135 2824 (Viva
1176 2771 1226 2815 in

154 2841 323 2888 Innoc.
358 2841 441 2894 Xl,
472 2843 545 2893 54,
577 2843 659 2899 18).
688 2841 857 2900 Atqui.
882 2840 1035 2890 dices,
1069 2840 1114 2885 is
1137 2841 1226 2898 qui

159 2915 335 2958 merito
355 2917 571 2962 veretur.
589 2926 665 2967 ne,
679 2911 741 2957 ob
759 2911 969 2957 dilatam
989 2910 1053 2955 ad
1075 2910 1223 2955 finem

158 2985 275 3028 anni
294 2983 658 3028 confessionem
677 2981 1107 3033 sacramentalem,
1128 2980 1225 3027 sibi

155 3054 358 3098 excidat
391 3053 593 3112 aliquod
628 3062 890 3112 peccam-n
927 3051 1095 3105 letale,
1129 3065 1227 3097 non

155 3127 359 3167 tenetur
399 3125 651 3168 maturius
689 3123 916 3169 confiteri
955 3122 1118 3182 (Lugo
1152 3123 1228 3168 De

159 3194 353 3239 Poem‘t.
385 3197 450 3242 15,
473 3196 549 3245 4l;
580 3195 626 3239 S.
655 3194 800 3254 Alph.
830 3194 907 3243 VI,
930 3195 1036 3246 670,
1061 3195 1130 3243 fii:
1155 3194 1227 3239 ita

157 3277 317 3322 porro.
344 3263 429 3308 sod
451 3264 570 3323 quia
593 3264 924 3310 durissimum
946 3265 1088 3318 foret,
1108 3277 1224 3309 mox

158 3333 404 3380 confiteri:
430 3332 517 3393 qni
541 3336 671 3378 enim
696 3335 739 3379 si
765 3334 1027 3379 confessus
1052 3334 1224 3393 paullo

158 3410 275 3466 post
294 3404 527 3450 inciderit
546 3405 597 3448 in
623 3405 760 3449 aliud
784 3404 963 3450 letale?
992 3404 1123 3450 Num
1148 3419 1220 3451 co-

157 3477 357 3536 gendus
402 3479 497 3521 erit
538 3476 721 3522 iterum
767 3478 1022 3523 confiteri:
1063 3480 1113 3523 et
1151 3478 1226 3523 sic

160 3545 435 3605 deinceps?

217 3617 277 3660 35
311 3617 369 3662 V.
412 3617 470 3661 D.
519 3617 638 3662 Tho.
689 3617 864 3675 Suppl.
910 3619 951 3671 6,
1000 3619 1042 3663 5.
1073 3642 1094 3651 -
1122 3621 1229 3666 Nee

149 3692 323 3745 potest
365 3687 435 3744 (S.
466 3687 617 3746 Alph.
653 3686 736 3739 VI,
771 3690 855 3731 297
891 3687 943 3732 in
987 3687 1073 3744 fi.).
1115 3689 1227 3733 Etsi

1331 1490 1624 1551 praevideat
1656 1505 1710 1537 se
1744 1492 1905 1551 legem
1932 1506 2026 1539 suo
2047 1495 2272 1553 tempore
2299 1493 2400 1542 im·

1333 1561 1468 1629 plere
1490 1563 1553 1620 (v.
1578 1575 1619 1608 c.
1643 1563 1869 1609 confiteri
1898 1563 2034 1610 iutra
2067 1568 2280 1612 annum)
2301 1577 2403 1612 non
2505 1613 2511 1616 ,

1332 1640 1480 1692 posse
1514 1634 1676 1687 (Suar.
1708 1637 1853 1680 Azor.
1894 1633 2037 1694 Lugo
2071 1635 2148 1682 De
2177 1636 2410 1684 Eut-har.
2473 1643 2520 1697 ὴὲ

1334 1704 1463 1755 XVI,
1478 1703 1550 1754 74.
1567 1705 1654 1762 78).
1674 1707 1837 1764 Atque
1853 1705 1964 1751 ideo
1977 1705 2063 1767 qui
2079 1719 2124 1751 v.
2140 1718 2179 1752 c.
2200 1706 2403 1768 longam

1332 1774 1706 1834 navigationem
1728 1776 1887 1835 pridie
1908 1776 2190 1823 dominicae
2209 1778 2267 1823 in
2282 1776 2404 1823 Pal·
2468 1772 2518 1834 ,s

1333 1847 1432 1891 mis
1454 1847 1694 1900 initurus,
1727 1848 2068 1894 communicat
2103 1848 2156 1894 in
2190 1839 2401 1894 sabbato

1335 1919 1623 1974 Passionis,
1656 1918 1698 1963 si
1728 1931 1825 1963 non
1861 1917 2079 1964 discedit
2113 1921 2317 1964 tenetur
2346 1917 2402 1964 in

1334 1986 1578 2045 Paschate
1591 1989 1963 2035 communicare
1979 1987 2142 2040 (Suar.
2156 1987 2245 2048 l.c.
2257 1987 2400 2048 Lugo
2493 2017 2512 2026 ι
2524 2040 2534 2051 Ἰ,

1332 2073 1380 2103 n.
1397 2060 1470 2104 75.
1489 2059 1536 2105 S.
1561 2059 1706 2118 Alph.
1729 2059 1814 2102 298
1838 2059 1888 2104 in
1914 2058 1983 2116 fi.)
2003 2063 2053 2103 et
2069 2057 2403 2105 beneficiatus

1330 2127 1416 2188 qui
1451 2143 1550 2175 uno
1582 2129 1663 2174 die
1697 2129 1873 2175 omisit
1905 2129 2121 2175 officium
2147 2140 2247 2175 noa
2270 2127 2398 2176 libe·
2491 2137 2500 2152 ⁴
2533 2131 2538 2138 “

1330 2203 1475 2245 ratur
1507 2214 1536 2244 a
1567 2200 1890 2245 restitutione
1912 2199 2179 2245 fructuum
2202 2197 2248 2244 si
2267 2197 2403 2247 illud
2498 2225 2508 2237 ·

1331 2270 1568 2329 suppleat
1585 2269 1665 2315 die
1683 2271 1919 2330 sequenti
1938 2269 2004 2326 (S.
2022 2268 2172 2329 Alph.
2190 2268 2263 2326 111,
2278 2268 2407 2327 667).
2485 2303 2531 2331 .÷t=

1332 2343 1450 2386 Nisi
1493 2341 1650 2398 forte,
1683 2345 1774 2386 etc.
1820 2340 1943 2387 Nam
1989 2339 2125 2401 quod
2168 2340 2218 2403 in
2265 2339 2401 2388 diem
2470 2338 2520 2390 -Ϊ

1331 2412 1439 2457 dari
1466 2412 1686 2472 jubetur,
1722 2411 1863 2456 velut
1884 2411 2132 2465 decimae;
2168 2414 2258 2458 aut
2278 2423 2399 2472 pro·
2461 2406 2472 2411 ’
2503 2403 2506 2419 ³

1333 2485 1566 2532 missum.
1602 2483 1678 2528 vel
1713 2482 1948 2528 relictum
1969 2482 2083 2534 fuit,
2107 2481 2249 2528 velut
2270 2494 2400 2527 usu·
2471 2535 2475 2539 ⁴
2499 2538 2508 2542 Φ

1331 2568 1429 2608 rae,
1457 2555 1680 2612 legatum
1699 2555 1880 2599 statim
1902 2551 2129 2604 debetur,
2145 2552 2264 2598 licet
2283 2554 2403 2599 ante

1330 2624 1461 2670 diem
1497 2627 1599 2684 peti
1635 2639 1730 2670 non
1767 2625 1929 2683 possit
1963 2628 2012 2678 «ἓ
2045 2624 2073 2668 2
2102 2624 2171 2670 De
2213 2625 2261 2669 V.
2303 2623 2414 2680 0.):.
2445 2614 2514 2684 '2

1329 2702 1379 2742 ec
1394 2698 1516 2752 plus
1536 2697 1709 2749 solvit,
1726 2695 1813 2752 qui
1835 2695 1990 2739 citius
2011 2696 2167 2740 solvit
2187 2694 2281 2753 &Ex
2299 2697 2330 2749 5
2345 2693 2406 2743 33

1332 2769 1406 2812 De
1438 2769 1659 2820 action).

1390 2823 1449 2881 3‘6
1485 2837 1534 2881 L.
1570 2837 1642 2887 28,
1676 2841 1705 2891 5
1732 2837 1748 2880 l
1787 2837 1862 2882 De
1894 2838 2097 2893 Recept.
2129 2836 2239 2881 arb.
2273 2835 2328 2883 C.
2354 2835 2407 2889 6,

1331 2913 1359 2963 g
1380 2909 1675 2953 Praeterea.
1702 2908 1776 2952 De
1807 2907 1928 2952 Dolo
1956 2911 2005 2953 et
2035 2910 2246 2952 contum
2286 2905 2401 2952 Pro·
2477 2899 2514 2959 J

1331 2979 1446 3024 iude
1473 2979 1652 3038 jussus
1689 2991 1730 3022 v.
1766 2991 1806 3023 c.
1850 2979 2030 3023 sistere
2071 2989 2126 3022 se
2172 2975 2404 3023 Praelata
2473 2966 2534 3039 ᾗ,

1330 3051 1464 3095 intra
1499 3062 1737 3102 mensem,
1771 3048 1864 3093 hoc
1888 3047 2059 3105 elapso
2085 3051 2290 3095 tenetur
2323 3046 2403 3093 ni·
2492 3041 2523 3085 ”-

1328 3123 1609 3166 nilominus
1633 3122 1678 3166 ei
1701 3133 1754 3166 se
1770 3123 2119 3176 praesentare
2152 3119 2254 3173 (cit.
2280 3117 2334 3168 C.
2355 3116 2400 3172 6,
2512 3175 2518 3185 ,

1330 3204 1376 3237 v.
1417 3191 1606 3248 Unde);
1640 3191 1749 3236 sive
1783 3203 1882 3234 non
1906 3190 2144 3248 potuerit,
2181 3189 2291 3234 sive
2317 3200 2403 3235 no·
2469 3202 2495 3219 ι»

1330 3260 1483 3306 luerit
1515 3275 1609 3306 suo
1644 3264 1867 3320 tempore
1900 3260 2034 3306 sisti.
2433 3303 2438 3307 .
2482 3290 2539 3319 ἶ..

1388 3333 1444 3376 37
1481 3332 1557 3377 Ex
1601 3331 1656 3378 L.
1698 3333 1779 3375 105
1821 3333 1892 3376 De
1945 3331 2192 3376 Solution.
2230 3326 2403 3375 Nostri
2481 3331 2538 3395 ..ζ-

1331 3404 1604 3463 accipiunt,
1623 3403 1759 3447 infra
1781 3401 2027 3447 triduum.
2050 3401 2127 3445 Ex
2154 3400 2207 3446 L.
2232 3399 2323 3444 ult.
2346 3398 2408 3447 C.
2450 3402 2523 3456 27:

1334 3478 1402 3521 De
1435 3475 1608 3519 Error.
1642 3476 1821 3521 Advoc.
1859 3472 1959 3530 (ibi,
1994 3483 2064 3518 ex
2094 3469 2397 3526 continenti)
2428 3527 2432 3530 η
2485 3466 2509 3528 4⁴

1330 3547 1381 3594 C.
1417 3547 1460 3599 8,
1496 3546 1569 3592 De
1604 3547 1845 3602 Reyular.
1884 3544 1934 3590 S.
1955 3541 2108 3602 Alph.
2138 3539 2220 3595 VI,
2252 3538 2359 3587 266.

1391 3617 1449 3660 38
1483 3615 1542 3662 V.
1574 3616 1622 3662 S.
1646 3615 1799 3675 Alph.
1832 3615 1862 3661 l.
1897 3628 1938 3661 c.
1965 3613 2033 3660 Ut
2064 3613 2118 3657 in
2149 3612 2202 3660 C.
2237 3611 2297 3656 22
2330 3612 2407 3660 De
2475 3626 2505 3661 ε

1331 3686 1377 3731 S.
1409 3688 1463 3732 E.
1507 3687 1560 3732 in
1603 3687 1667 3732 6⁰.
1706 3685 1843 3733 Trid.
1882 3684 2002 3730 XIII
2041 3684 2116 3731 De
2159 3683 2315 3729 Euch.
2358 3682 2406 3731 7.
2435 3694 2527 3722 r
