2548 4042
115 195 135 228 ¹·
206 114 213 120 ’
244 63 1151 196 :nummum-ritatem
1169 124 1495 195 paternam.
1510 118 1977 195 dominicalem)3
1998 122 2063 178 et
2085 121 2176 180 his
2197 121 2430 179 tautum

582 0 2024 90 ’.ιιιὺοαιιιωιωηιωιιωιιιω
2104 52 2106 55 v
2330 18 2437 77 237

84 260 127 285 ..s
165 213 169 222 ’
246 236 270 259 w
302 211 439 271 sub
475 225 552 270 ea
589 214 885 284 potestate
923 217 1082 270 sunt.
1113 213 1186 270 Et
1215 213 1446 285 justum
1486 214 1549 269 et
1588 210 1966 269 manifestum
2007 225 2139 270 esse
2166 213 2431 284 oportet3

102 292 254 361 δέ
287 314 399 360 suo
435 301 602 359 modo
630 303 959 373 pectines-o
981 301 1073 374 (V.
1102 304 1141 374 ἓ
1167 304 1297 368 202.
1332 304 1441 378 15).
1485 303 1636 359 idest
1674 302 1750 359 ab
1790 317 1863 359 eo
1899 301 2000 375 qui
2045 300 2330 374 praecipit
2354 300 2437 356 dc-

128 437 130 440 .
185 397 324 466 Μ
363 393 699 448 intimatum
738 393 792 450 ei
835 393 929 450 cui
974 394 1336 464 praecipitur
1378 395 1435 465 (ἓ
1467 394 1596 456 223,
1643 390 1745 464 12).
1791 394 2014 447 Domum
2051 395 2102 446 si
2131 389 2438 448 alternati·

187 477 332 542 'vm
369 488 478 546 est.
506 483 635 553 ejus
674 483 768 538 cui
813 483 1129 554 imponitur
1155 484 1272 540 erit
1298 483 1532 547 electiO‚
1566 487 1759 538 utrum
1805 491 2103 553 praestare
2133 481 2300 538 malit
2330 478 2435 553 (ηε

185 572 296 632 ned
329 574 684 633 alterutrum
725 575 953 645 eligere
993 575 1188 638 debet.
1232 589 1345 631 non
1389 574 1696 645 utriusque
1740 579 1992 644 partem3
2023 577 2083 630 et
2128 574 2435 645 postquam

38 676 45 685 '
118 660 130 668 ”
188 662 444 739 elegerit
487 679 692 735 purum
734 667 801 722 nt
842 671 1219 737 praeceptum
1247 662 1338 738 (V.
1365 664 1560 735 5166,
1589 666 1698 734 29).

262 754 392 811 249.
435 754 622 811 Distat
662 756 915 813 maxime
956 756 1014 811 in
1058 755 1300 812 duobus.
1341 749 1597 808 Primum
1641 754 1745 809 hoc
1775 756 1882 815 est,
1922 753 2073 824 quod
2117 753 2214 809 lex
2255 751 2440 810 terri-

188 843 362 911 torio.
389 851 771 918 praeceptum
813 861 1098 918 personae
1125 847 1403 901 cohaeret
1429 842 1531 914 (2):
1569 859 1705 898 num
1751 843 1935 911 igitur
1976 857 2106 897 eam
2148 845 2437 915 sequatur

188 934 411 1007 ubique
460 935 751 991 locorum?
791 936 882 992 lta
924 950 1094 1007 porro
1118 935 1166 990 si
1213 932 1447 1005 profluit
1487 948 1563 987 ex
1606 937 1776 1003 pacto
1803 931 1906 1002 (3);
1954 932 2047 987 vel
2090 932 2138 986 si
2183 934 2444 1003 potestas

189 1026 614 1099 praecipientis
641 1025 787 1081 nulli
819 1025 1111 1080 territorio
1137 1023 1434 1093 adscripta
1462 1028 1586 1086 est3
1618 1038 1752 1077 nam
1793 1037 1965 1077 secus
2006 1021 2255 1077 ridicula
2283 1026 2443 1078 esset

188 1116 451 1189 potestas
472 1115 820 1189 hujusmodi,
842 1130 1019 1187 quam
1042 1115 1311 1185 quisque,
1333 1113 1674 1168 excedendo
1699 1113 1895 1175 limen,
1919 1111 2202 1168 evaderet
2221 1110 2315 1182 (4).
2338 1110 2439 1167 Sin

187 1202 424 1278 profluit
471 1219 547 1260 ex
576 1206 715 1275 jure
756 1204 917 1260 civili
970 1208 1078 1259 aut
1119 1203 1418 1266 canonico,
1463 1205 1523 1258 et
1575 1205 1951 1274 praeceptum
2007 1204 2211 1256 manat
2250 1202 2325 1257 ab
2373 1216 2445 1259 eo

68 1318 104 1364 ,·
187 1295 360 1367 ouius
409 1300 669 1366 potestas
720 1295 1016 1351 territorio
1065 1294 1285 1355 finitur.
1329 1308 1441 1348 non
1491 1292 1799 1349 convenit:
1843 1293 2100 1347 affirmat
2141 1290 2445 1348 sententia

189 1385 553 1442 communior
569 1385 673 1456 (5);
698 1386 891 1439 minus
919 1384 1259 1445 communis,
1285 1387 1347 1438 et
1368 1383 1420 1438 S.
1446 1383 1747 1453 Alphonso
1778 1382 2109 1452 probabilis,
2136 1384 2321 1452 negat
2344 1381 2442 1455 (6).

185 1470 331 1532 mhi
362 1475 508 1530 haec
537 1475 763 1529 verior:
810 1474 993 1544 primo
1019 1474 1160 1545 quia
1192 1475 1325 1527 ratio
1344 1472 1625 1541 ,qamt-alia
1671 1474 1750 1526 vel
1768 1474 2121 1542 particularis
2149 1472 2443 1542 (praecepti)

189 1579 294 1620 m
314 1564 922 1632 variaejurisaababnem
948 1562 1055 1634 (7);
1079 1563 1293 1619 deinde
1323 1563 1463 1633 quia
1489 1565 1752 1632 potestas
1774 1578 1926 1633 quae
1951 1579 2051 1616 non
2072 1565 2367 1616 continetur
2385 1564 2445 1617 ia

193 1647 311 1721 nlo,
350 1653 504 1711 idest
546 1655 603 1709 in
648 1658 942 1724 potestate
985 1653 1211 1708 serendi
1252 1654 1437 1721 leges,
1482 1653 1537 1707 in
1585 1656 1748 1723 parte
1790 1651 2078 1707 contineri
2120 1652 2440 1708 absurdum

194 1742 546 1818 videtur(8).
570 1742 821 1798 Alterum
850 1745 956 1799 hoc
984 1748 1094 1807 est,
1118 1744 1269 1814 quod
1302 1747 1682 1814 praeceptum
1710 1747 1905 1798 cessat
1927 1741 2184 1798 resoluto
2211 1755 2446 1815 quoquo

261 1956 277 2002 1
305 1955 382 2003 Bx
404 1959 435 2009 s
453 1954 514 2001 33
535 1968 580 2000 v.
605 1955 669 2000 In
693 1967 764 2006 eo.
791 1954 864 1999 De
888 1955 1082 1999 Action.
1112 1952 1268 1999 Salm.

196 2026 268 2083 lo,
290 2027 329 2083 1,
347 2026 422 2073 64.
440 2025 497 2073 V.
519 2039 560 2074 c.
583 2028 760 2072 recitet
779 2026 1005 2084 officium
1028 2026 1080 2069 B.
1098 2025 1161 2069 M.
1194 2025 1260 2076 V„

190 2103 293 2147 aue
313 2100 520 2157 jejunet
555 2124 576 2135 -
602 2100 824 2155 jejunet,
864 2101 963 2142 aut
998 2101 1120 2143 oret.
1157 2095 1265 2140 Nisi

190 2169 320 2220 forte
343 2183 501 2216 unum
525 2183 587 2215 ex
622 2172 694 2216 eis
727 2168 976 2229 praestari
1012 2181 1109 2214 non
1146 2181 1264 2227 pos·

192 2242 312 2290 nit·
337 2254 384 2290 v.
406 2254 464 2297 c.‚
486 2243 529 2287 si
555 2243 644 2287 ille
670 2253 852 2286 coecus
884 2241 967 2289 sit.
995 2241 1076 2285 hic
1101 2252 1269 2298 aegro·

192 2316 306 2360 tus.
338 2312 429 2394 s'sd
461 2311 729 2372 utrobique
761 2325 889 2372 pura
931 2310 991 2357 nt
1027 2310 1270 2370 obligatio

193 2382 293 2444 (ΒΧ
329 2367 382 2429 1..
410 2384 478 2430 16.
501 2384 579 2430 De
609 2384 656 2427 V.
690 2383 779 2441 Ο..)

1371 1965 1477 1998 sur.
1496 1952 1532 2004 1,
1552 1950 1634 2006 VI,
1653 1951 1734 2002 393
1758 1950 1934 2011 Aegid.
1955 1950 2117 2005 Avila,
2138 1951 2340 2013 Henriq.
2361 1964 2441 2014 ap.

1372 2023 1546 2082 Laym.
1564 2022 1597 2070 1.
1613 2037 1654 2069 c.
1669 2022 1844 2074 Collet.
1860 2021 2145 2083 Roneaglia,
2161 2023 2442 2070 Holzmann

1372 2108 1451 2155 ap.
1482 2094 1530 2141 Β.
1568 2093 1717 2154 Alph.
1741 2094 1771 2139 1.
1796 2107 1859 2148 c.3
1895 2093 2060 2141 Diana
2092 2094 2175 2141 To.
2206 2094 2264 2148 V,
2297 2094 2377 2143 Tr.
2407 2096 2446 2152 l,

1373 2166 1539 2213 Resol.
1571 2166 1645 2218 99,
1680 2180 1724 2211 n.
1760 2168 1804 2212 4.

1430 2241 1459 2284 7
1494 2238 1639 2286 Suar.
1674 2240 1751 2285 De
1777 2239 1989 2285 Cen-rur.
2014 2238 2072 2290 V,
2095 2241 2139 2292 5,
2169 2240 2233 2283 18.

1435 2311 1464 2356 8
1497 2311 1638 2369 Sayr.
1672 2310 1700 2356 l.
1735 2323 1775 2355 c.
1812 2310 1943 2357 Sane
1977 2312 2027 2356 in
2062 2309 2115 2356 L.
2148 2310 2191 2363 7,
2222 2311 2250 2370 5
2280 2312 2449 2359 Inter-

1373 2385 1545 2429 dieere
1582 2382 1636 2426 10
1687 2383 1759 2427 De
1795 2383 1988 2428 Incerd.
2024 2386 2076 2429 et
2104 2385 2255 2439 reley.
2286 2382 2447 2430 conti·

254 2451 289 2499 2
320 2452 377 2500 V.
410 2454 562 2504 Croix
591 2452 707 2509 vll
727 2454 809 2508 ⁴33
835 2453 1017 2502 Bened.
1042 2452 1173 2500 XIV.
1197 2454 1272 2501 De

198 2526 356 2585 Suae.
393 2524 524 2580 xm,
557 2529 596 2577 4,
631 2526 674 2570 9.

254 2598 287 2645 3
315 2597 383 2644 Bt
414 2596 478 2644 de
510 2599 601 2644 hoc
634 2611 781 2644 nemo
814 2597 1030 2644 dubitat.
1066 2598 1141 2643 Ex
1178 2597 1271 2642 hoc

194 2668 361 2732 eapite
374 2673 613 2716 tenentur
626 2669 904 2730 presbyteri
919 2668 1118 2715 obedire
1132 2682 1271 2714 man·

196 2740 335 2790 datin
364 2739 606 2801 Episcopi
640 2746 704 2793 (v.
729 2754 783 2792 c..
814 2739 1078 2787 incedendi
1108 2740 1159 2785 in
1186 2740 1269 2786 ha-

198 2811 308 2860 bitu
330 2811 569 2865 clericali,
593 2826 690 2859 non
714 2810 934 2859 adeundi
964 2812 1177 2864 theatra,
1202 2825 1270 2856 re·

195 2883 443 2936 madi,
492 2885 609 2941 etc.)
656 2884 734 2930 vel
782 2887 930 2930 extra
976 2883 1272 2936 dioecesim3

196 2966 380 3016 nempe
400 2967 463 3000 ex
483 2954 819 3015 promissione
841 2956 916 3001 eis
934 2954 1068 3001 facta
1086 2956 1137 3000 in
1163 2967 1273 3014 pre·

200 3023 470 3085 thytan-atu
500 3024 844 3086 suscipiendo.

265 3097 295 3142 4
325 3095 498 3143 Veluti
520 3098 566 3143 ei
588 3096 710 3157 quid
740 3097 1016 3159 praecipiat
1039 3097 1273 3147 maritae.

208 3169 368 3227 pater,
398 3167 653 3214 dominus.
675 3168 751 3213 Ex
777 3173 988 3227 utroque
1011 3168 1176 3227 eapite
1203 3173 1273 3211 te-

202 3240 392 3283 nentur
425 3234 700 3298 Regulares
731 3237 932 3284 obedire
968 3238 1079 3283 suis
1122 3251 1269 3297 prae·

201 3306 323 3355 latis
365 3307 672 3370 ubicumque
710 3312 988 3355 versentur.
1031 3310 1291 3365 Commag

206 3380 442 3428 amima.

227 3450 463 3499 .5Suar.
491 3451 564 3497 De
591 3452 805 3499 centur.
829 3449 887 3504 V,
913 3452 957 3504 5.
987 3451 1067 3504 18;
1099 3449 1271 3508 Laym.

202 3521 279 3568 De
319 3520 530 3569 centur.
575 3519 657 3575 IV,
701 3522 746 3569 6.
786 3519 836 3568 8.
871 3520 1020 3582 Alph
1057 3519 1165 3575 vn,
1199 3520 1271 3566 23.

201 3590 384 3640 Beued.
429 3590 543 3638 XIV
578 3592 609 3638 1.
643 3605 684 3639 c.
717 3592 868 3639 refert
900 3591 1032 3639 hauc
1064 3596 1271 3639 senten-

204 3663 349 3717 tiam,
381 3663 507 3725 quin
539 3675 686 3710 suam
720 3662 955 3724 proferat.

262 3734 294 3781 6
328 3732 540 3783 Salmat-
573 3734 643 3791 10,
680 3736 719 3791 l,
750 3734 1132 3798 103382512112
1155 3734 1277 3785 Gen·

1374 2456 1548 2499 netur:
1573 2455 1898 2501 Inter-dicere
1917 2456 2036 2512 quis
2057 2467 2154 2500 sua
2169 2455 2447 2512 provincia

1371 2530 1552 2583 potest,
1575 2527 1688 2570 alia
1712 2537 1817 2571 non
1832 2529 2010 2581 potest.
2030 2526 2164 2572 Adeo
2182 2532 2257 2579 ut,
2283 2525 2451 2587 inquit

1375 2596 1503 2642 Voet
1535 2597 1608 2649 48,
1644 2596 1716 2649 22,
1756 2597 1793 2649 l,
1827 2598 1873 2641 is
1904 2598 1990 2643 eui
2021 2600 2153 2650 arte,
2180 2596 2322 2654 foro,
2350 2609 2446 2644 ne·

1371 2670 1576 2724 poclum
1608 2669 1944 2714 interdictum
1977 2671 2073 2721 est,
2106 2673 2263 2715 exto-a
2297 2668 2443 2713 terri-

1376 2741 1569 2786 torium
1604 2741 1962 2786 interdicentis
2006 2743 2188 2791 artem,
2223 2740 2445 2796 περσεία,

1375 2810 1616 2867 forensia
1653 2814 1886 2856 tractare
1911 2812 2092 2867 possit.
2120 2809 2181 2854 Et
2214 2807 2443 2868 prohibi·

1376 2886 1462 2927 tus
1497 2896 1584 2942 per
1617 2882 1922 2927 sententiam
1950 2880 2142 2941 judicis
2171 2881 2452 2938 postulare

1378 2959 1580 3003 (causas
1599 2954 1780 3011 agere),
1802 2954 1852 2998 in
1877 2965 1931 2998 ea
1956 2956 2155 2998 tantum
2179 2950 2444 3013 provincia

1378 3039 1477 3070 non
1513 3028 1644 3069 recte
1680 3022 1906 3082 postulat
1937 3023 1988 3067 in
2021 3034 2123 3082 qua
2153 3021 2444 3083 prohibitus

1378 3096 1477 3141 suit
1514 3095 1583 3147 (L.
1610 3096 1651 3138 9.
1678 3095 1753 3140 De
1781 3095 2085 3147 penulam).
2113 3092 2256 3140 Hanc
2279 3093 2443 3155 legem

1378 3167 1523 3213 nobis
1557 3165 1803 3225 objiciunt
1841 3164 1930 3225 qui
1973 3164 2278 3213 contrariam
2322 3177 2441 3212 seu-

1378 3239 1586 3283 tentiam
1609 3242 1829 3290 tuentur‚
1846 3249 1905 3283 eo
1922 3235 2056 3297 quod
2074 3237 2129 3283 in
2145 3249 2205 3283 ea
2223 3239 2445 3292 cavetur,

1383 3311 1436 3353 Se·
1466 3311 1525 3353 ob
1559 3320 1675 3354 eam
1705 3320 1927 3355 causam
1953 3308 2248 3366 prohibitus
2279 3306 2451 3366 fuerit

1376 3392 1510 3439 quae
1541 3380 1826 3438 infamiam
1859 3382 2078 3437 iri-ovat,
2122 3391 2215 3426 nee
2245 3380 2302 3426 in
2334 3380 2447 3425 alia

1372 3454 1649 3508 provincia
1674 3452 1950 3510 postulare
1991 3464 2107 3498 eum
2153 3463 2313 3511 posse.
2349 3448 2447 3497 Sed

1378 3535 1654 3583 perperam.
1687 3534 1785 3569 non
1818 3523 1953 3570 enim
1986 3521 2175 3570 dicitur
2203 3533 2316 3566 eum
2350 3532 2443 3581 po-

1377 3591 1570 3640 stulare
1613 3606 1712 3640 non
1749 3606 1899 3655 posse
1942 3597 2087 3639 extra
2127 3592 2450 3639 territorium

1378 3663 1703 3724 legislatoris,
1767 3662 1857 3711 sed
1915 3668 2062 3711 extra
2117 3662 2449 3721 provinciam

1369 3733 1697 3796 jusdicentis,
1718 3747 1850 3797 qnae
1876 3735 2085 3784 suberat
2107 3732 2271 3781 eidem
2293 3732 2451 3780 Prin·
