<?xml version="1.0" encoding="UTF-8"?>
<!DOCTYPE html PUBLIC "-//W3C//DTD XHTML 1.0 Transitional//EN"
    "http://www.w3.org/TR/xhtml1/DTD/xhtml1-transitional.dtd">
<html xmlns="http://www.w3.org/1999/xhtml" xml:lang="en" lang="en">
 <head>
  <title>
</title>
<meta http-equiv="Content-Type" content="text/html;charset=utf-8" />
  <meta name='ocr-system' content='tesseract 3.04.00' />
  <meta name='ocr-capabilities' content='ocr_page ocr_carea ocr_par ocr_line ocrx_word'/>
</head>
<body>
  <div class='ocr_page' id='page_1' title='image "./summulatheologia01anni_0054.png"; bbox 0 0 2554 4004; ppageno 0'>
   <div class='ocr_carea' id='block_1_1' title="bbox 2129 0 2554 155">
    <p class='ocr_par' dir='ltr' id='par_1_1' title="bbox 2129 0 2554 155">
     <span class='ocr_line' id='line_1_1' title="bbox 2129 0 2554 155; baseline 0 0"><span class='ocrx_word' id='word_1_1' title='bbox 2129 0 2554 155; x_wconf 95' lang='lat' dir='ltr'>  </span> 
     </span>
    </p>
   </div>
   <div class='ocr_carea' id='block_1_2' title="bbox 158 0 2554 1970">
    <p class='ocr_par' dir='ltr' id='par_1_2' title="bbox 167 0 2554 358">
     <span class='ocr_line' id='line_1_2' title="bbox 168 0 2511 84; baseline -0.001 -21"><span class='ocrx_word' id='word_1_2' title='bbox 168 5 235 60; x_wconf 76' lang='lat'>⁴8</span> <span class='ocrx_word' id='word_1_3' title='bbox 583 23 709 62; x_wconf 59' lang='lat' dir='ltr'>rans</span> <span class='ocrx_word' id='word_1_4' title='bbox 743 21 900 63; x_wconf 68' lang='lat' dir='ltr'>rann</span> <span class='ocrx_word' id='word_1_5' title='bbox 922 34 950 48; x_wconf 92' lang='lat'>-</span> <span class='ocrx_word' id='word_1_6' title='bbox 971 20 1338 63; x_wconf 66' lang='lat' dir='ltr'>monacorum</span> <span class='ocrx_word' id='word_1_7' title='bbox 1358 34 1386 48; x_wconf 90' lang='lat'>-</span> <span class='ocrx_word' id='word_1_8' title='bbox 1405 20 1580 70; x_wconf 56' lang='lat' dir='ltr'>macr.</span> <span class='ocrx_word' id='word_1_9' title='bbox 1602 22 1635 62; x_wconf 89' lang='grc' dir='ltr'>ι.</span> <span class='ocrx_word' id='word_1_10' title='bbox 1652 0 1732 65; x_wconf 64' lang='grc' dir='ltr'>»ι’</span> <span class='ocrx_word' id='word_1_11' title='bbox 1759 0 2128 63; x_wconf 41' lang='lat' dir='ltr'>mfflfflss</span> <span class='ocrx_word' id='word_1_12' title='bbox 2201 14 2218 42; x_wconf 68' lang='lat'><em>³</em></span> <span class='ocrx_word' id='word_1_13' title='bbox 2232 12 2347 76; x_wconf 60' lang='grc'>’·”-&lt;·»,</span> <span class='ocrx_word' id='word_1_14' title='bbox 2375 33 2399 73; x_wconf 76' lang='lat'>:-</span> <span class='ocrx_word' id='word_1_15' title='bbox 2420 69 2434 84; x_wconf 79' lang='lat'>.</span> <span class='ocrx_word' id='word_1_16' title='bbox 2458 68 2478 83; x_wconf 24' lang='grc' dir='ltr'>,ὁ</span> <span class='ocrx_word' id='word_1_17' title='bbox 2505 68 2511 75; x_wconf 51' lang='grc'>,</span> 
     </span>
     <span class='ocr_line' id='line_1_3' title="bbox 167 90 2554 180; baseline 0.002 -18"><span class='ocrx_word' id='word_1_18' title='bbox 167 106 322 176; x_wconf 82' lang='lat' dir='ltr'><strong>cepti</strong></span> <span class='ocrx_word' id='word_1_19' title='bbox 352 107 614 163; x_wconf 78' lang='lat' dir='ltr'>fuerunt:</span> <span class='ocrx_word' id='word_1_20' title='bbox 645 110 737 161; x_wconf 81' lang='lat' dir='ltr'>isti</span> <span class='ocrx_word' id='word_1_21' title='bbox 769 107 844 162; x_wconf 90' lang='lat' dir='ltr'>ab</span> <span class='ocrx_word' id='word_1_22' title='bbox 874 106 1020 162; x_wconf 86' lang='lat' dir='ltr'>inito</span> <span class='ocrx_word' id='word_1_23' title='bbox 1060 109 1370 178; x_wconf 88' lang='lat' dir='ltr'>parentum</span> <span class='ocrx_word' id='word_1_24' title='bbox 1399 105 1788 171; x_wconf 88' lang='lat' dir='ltr'>matrimonio,</span> <span class='ocrx_word' id='word_1_25' title='bbox 1815 105 1913 162; x_wconf 89' lang='lat' dir='ltr'>vel</span> <span class='ocrx_word' id='word_1_26' title='bbox 1943 121 2019 163; x_wconf 82' lang='lat' dir='ltr'>ex</span> <span class='ocrx_word' id='word_1_27' title='bbox 2045 119 2118 164; x_wconf 85' lang='lat' dir='ltr'>eo</span> <span class='ocrx_word' id='word_1_28' title='bbox 2142 90 2554 180; x_wconf 37' lang='lat' dir='ltr'>tem‘pone&#39;v-TQ„</span> 
     </span>
     <span class='ocr_line' id='line_1_4' title="bbox 167 183 2439 268; baseline 0.001 -19"><span class='ocrx_word' id='word_1_29' title='bbox 167 212 281 266; x_wconf 90' lang='lat' dir='ltr'>quo</span> <span class='ocrx_word' id='word_1_30' title='bbox 313 200 514 265; x_wconf 88' lang='lat' dir='ltr'>postea</span> <span class='ocrx_word' id='word_1_31' title='bbox 538 197 731 265; x_wconf 83' lang='lat' dir='ltr'>agniti</span> <span class='ocrx_word' id='word_1_32' title='bbox 762 197 1004 252; x_wconf 84' lang='lat' dir='ltr'>suerint:</span> <span class='ocrx_word' id='word_1_33' title='bbox 1028 197 1084 250; x_wconf 79' lang='grc' dir='ltr'>1ιί</span> <span class='ocrx_word' id='word_1_34' title='bbox 1109 212 1180 253; x_wconf 81' lang='lat' dir='ltr'>ex</span> <span class='ocrx_word' id='word_1_35' title='bbox 1211 212 1326 268; x_wconf 91' lang='lat' dir='ltr'>quo</span> <span class='ocrx_word' id='word_1_36' title='bbox 1354 197 1583 267; x_wconf 75' lang='lat' dir='ltr'>adoptati</span> <span class='ocrx_word' id='word_1_37' title='bbox 1606 199 1760 260; x_wconf 88' lang='lat' dir='ltr'>sunt,</span> <span class='ocrx_word' id='word_1_38' title='bbox 1784 196 1952 268; x_wconf 82' lang='lat' dir='ltr'><strong>quasi</strong></span> <span class='ocrx_word' id='word_1_39' title='bbox 1981 199 2127 252; x_wconf 86' lang='lat' dir='ltr'>tunc</span> <span class='ocrx_word' id='word_1_40' title='bbox 2157 196 2407 267; x_wconf 85' lang='lat' dir='ltr'>primum</span> <span class='ocrx_word' id='word_1_41' title='bbox 2432 183 2439 206; x_wconf 76' lang='lat'>³</span> 
     </span>
     <span class='ocr_line' id='line_1_5' title="bbox 168 283 2506 358; baseline 0 -19"><span class='ocrx_word' id='word_1_42' title='bbox 168 285 434 355; x_wconf 84' lang='lat' dir='ltr'>concepti</span> <span class='ocrx_word' id='word_1_43' title='bbox 481 286 728 340; x_wconf 82' lang='lat' dir='ltr'>fuissent</span> <span class='ocrx_word' id='word_1_44' title='bbox 762 283 893 358; x_wconf 87' lang='lat'>(35).</span> <span class='ocrx_word' id='word_1_45' title='bbox 2491 283 2506 340; x_wconf 79' lang='grc'>,’</span> 
     </span>
    </p>

    <p class='ocr_par' dir='ltr' id='par_1_3' title="bbox 162 360 2554 1161">
     <span class='ocr_line' id='line_1_6' title="bbox 241 360 2548 454; baseline 0 -27"><span class='ocrx_word' id='word_1_46' title='bbox 241 376 330 427; x_wconf 82' lang='grc'>53.</span> <span class='ocrx_word' id='word_1_47' title='bbox 361 375 494 429; x_wconf 89' lang='lat' dir='ltr'>Iura</span> <span class='ocrx_word' id='word_1_48' title='bbox 522 377 831 444; x_wconf 87' lang='lat' dir='ltr'>parentum</span> <span class='ocrx_word' id='word_1_49' title='bbox 873 375 932 430; x_wconf 88' lang='lat' dir='ltr'>in</span> <span class='ocrx_word' id='word_1_50' title='bbox 962 375 1175 431; x_wconf 84' lang='lat' dir='ltr'>liberos</span> <span class='ocrx_word' id='word_1_51' title='bbox 1217 374 1510 445; x_wconf 84' lang='lat' dir='ltr'>profluunt</span> <span class='ocrx_word' id='word_1_52' title='bbox 1537 391 1611 431; x_wconf 80' lang='lat' dir='ltr'>ex</span> <span class='ocrx_word' id='word_1_53' title='bbox 1653 375 1782 431; x_wconf 93' lang='lat' dir='ltr'>iure</span> <span class='ocrx_word' id='word_1_54' title='bbox 1823 374 2100 438; x_wconf 87' lang='lat' dir='ltr'>naturali,</span> <span class='ocrx_word' id='word_1_55' title='bbox 2131 377 2192 430; x_wconf 90' lang='lat' dir='ltr'>et</span> <span class='ocrx_word' id='word_1_56' title='bbox 2221 360 2410 429; x_wconf 76' lang='lat' dir='ltr'>civili.</span> <span class='ocrx_word' id='word_1_57' title='bbox 2472 383 2498 454; x_wconf 25' lang='lat'>.*</span> <span class='ocrx_word' id='word_1_58' title='bbox 2541 369 2548 374; x_wconf 72' lang='grc'><strong><em>’</em></strong></span> 
     </span>
     <span class='ocr_line' id='line_1_7' title="bbox 167 456 2554 537; baseline 0 -20"><span class='ocrx_word' id='word_1_59' title='bbox 167 463 390 518; x_wconf 87' lang='lat' dir='ltr'>Natura</span> <span class='ocrx_word' id='word_1_60' title='bbox 433 465 773 533; x_wconf 89' lang='lat' dir='ltr'>parentibus</span> <span class='ocrx_word' id='word_1_61' title='bbox 799 463 947 536; x_wconf 85' lang='lat' dir='ltr'>(sive</span> <span class='ocrx_word' id='word_1_62' title='bbox 988 465 1288 535; x_wconf 82' lang='lat' dir='ltr'>legitimiS,</span> <span class='ocrx_word' id='word_1_63' title='bbox 1329 466 1454 521; x_wconf 90' lang='lat' dir='ltr'>sive</span> <span class='ocrx_word' id='word_1_64' title='bbox 1499 464 1864 537; x_wconf 85' lang='lat' dir='ltr'>illegitimis),</span> <span class='ocrx_word' id='word_1_65' title='bbox 1893 465 2145 519; x_wconf 90' lang='lat' dir='ltr'>debetur</span> <span class='ocrx_word' id='word_1_66' title='bbox 2186 462 2404 533; x_wconf 86' lang='lat' dir='ltr'>pietas;</span> <span class='ocrx_word' id='word_1_67' title='bbox 2465 477 2476 487; x_wconf 90' lang='lat'><strong>·</strong></span> <span class='ocrx_word' id='word_1_68' title='bbox 2544 456 2554 465; x_wconf 82' lang='grc'><strong>’</strong></span> 
     </span>
     <span class='ocr_line' id='line_1_8' title="bbox 166 551 2407 626; baseline -0 -20"><span class='ocrx_word' id='word_1_69' title='bbox 166 558 227 607; x_wconf 91' lang='lat' dir='ltr'>et</span> <span class='ocrx_word' id='word_1_70' title='bbox 258 555 407 623; x_wconf 86' lang='lat' dir='ltr'>patri</span> <span class='ocrx_word' id='word_1_71' title='bbox 439 559 500 607; x_wconf 89' lang='lat' dir='ltr'>et</span> <span class='ocrx_word' id='word_1_72' title='bbox 527 555 699 608; x_wconf 90' lang='lat' dir='ltr'>matri</span> <span class='ocrx_word' id='word_1_73' title='bbox 729 570 939 625; x_wconf 88' lang='lat' dir='ltr'>aequa,</span> <span class='ocrx_word' id='word_1_74' title='bbox 968 560 1028 609; x_wconf 90' lang='lat' dir='ltr'>et</span> <span class='ocrx_word' id='word_1_75' title='bbox 1057 558 1339 624; x_wconf 86' lang='lat' dir='ltr'>perpetuo</span> <span class='ocrx_word' id='word_1_76' title='bbox 1367 555 1646 624; x_wconf 89' lang='lat' dir='ltr'>competit</span> <span class='ocrx_word' id='word_1_77' title='bbox 1679 551 1811 626; x_wconf 86' lang='grc'>(30).</span> <span class='ocrx_word' id='word_1_78' title='bbox 1842 555 1927 607; x_wconf 89' lang='lat' dir='ltr'>Ad</span> <span class='ocrx_word' id='word_1_79' title='bbox 1974 556 2118 608; x_wconf 86' lang='lat' dir='ltr'>haec</span> <span class='ocrx_word' id='word_1_80' title='bbox 2150 555 2407 622; x_wconf 90' lang='lat' dir='ltr'>potestas</span> 
     </span>
     <span class='ocr_line' id='line_1_9' title="bbox 168 641 2412 720; baseline 0 -25"><span class='ocrx_word' id='word_1_81' title='bbox 168 643 510 711; x_wconf 87' lang='lat' dir='ltr'>parentibus</span> <span class='ocrx_word' id='word_1_82' title='bbox 538 644 863 699; x_wconf 83' lang='lat' dir='ltr'>constituta</span> <span class='ocrx_word' id='word_1_83' title='bbox 891 646 980 699; x_wconf 92' lang='lat' dir='ltr'>est</span> <span class='ocrx_word' id='word_1_84' title='bbox 1020 648 1171 697; x_wconf 81' lang='lat' dir='ltr'>etiam</span> <span class='ocrx_word' id='word_1_85' title='bbox 1212 647 1351 697; x_wconf 76' lang='lat' dir='ltr'>eirca</span> <span class='ocrx_word' id='word_1_86' title='bbox 1380 661 1438 697; x_wconf 80' lang='lat' dir='ltr'>ea</span> <span class='ocrx_word' id='word_1_87' title='bbox 1468 659 1619 714; x_wconf 86' lang='lat' dir='ltr'>qnae</span> <span class='ocrx_word' id='word_1_88' title='bbox 1648 643 1722 698; x_wconf 90' lang='lat' dir='ltr'>ad</span> <span class='ocrx_word' id='word_1_89' title='bbox 1762 643 2127 713; x_wconf 88' lang='lat' dir='ltr'>spiritualem</span> <span class='ocrx_word' id='word_1_90' title='bbox 2159 641 2412 720; x_wconf 25' lang='lat' dir='ltr'>filiorum-</span> 
     </span>
     <span class='ocr_line' id='line_1_10' title="bbox 162 729 2404 804; baseline -0 -18"><span class='ocrx_word' id='word_1_91' title='bbox 162 732 416 787; x_wconf 87' lang='lat' dir='ltr'>salutem</span> <span class='ocrx_word' id='word_1_92' title='bbox 449 732 760 801; x_wconf 81' lang='lat' dir='ltr'>pertinent.</span> <span class='ocrx_word' id='word_1_93' title='bbox 785 735 856 787; x_wconf 91' lang='lat' dir='ltr'>Et</span> <span class='ocrx_word' id='word_1_94' title='bbox 886 734 1030 788; x_wconf 86' lang='lat' dir='ltr'>haec</span> <span class='ocrx_word' id='word_1_95' title='bbox 1058 749 1289 804; x_wconf 86' lang='lat' dir='ltr'>quoque</span> <span class='ocrx_word' id='word_1_96' title='bbox 1319 733 1597 802; x_wconf 86' lang='lat' dir='ltr'>competit</span> <span class='ocrx_word' id='word_1_97' title='bbox 1628 732 1862 803; x_wconf 90' lang='lat' dir='ltr'>utrique</span> <span class='ocrx_word' id='word_1_98' title='bbox 1894 733 2115 802; x_wconf 86' lang='lat' dir='ltr'>pariter</span> <span class='ocrx_word' id='word_1_99' title='bbox 2144 731 2272 803; x_wconf 88' lang='lat'><strong>(37).</strong></span> <span class='ocrx_word' id='word_1_100' title='bbox 2294 729 2404 796; x_wconf 87' lang='lat' dir='ltr'>Qui</span> 
     </span>
     <span class='ocr_line' id='line_1_11' title="bbox 165 819 2407 894; baseline -0 -19"><span class='ocrx_word' id='word_1_101' title='bbox 165 822 213 875; x_wconf 89' lang='lat' dir='ltr'>si</span> <span class='ocrx_word' id='word_1_102' title='bbox 256 822 627 884; x_wconf 83' lang='lat' dir='ltr'>dissentiant,</span> <span class='ocrx_word' id='word_1_103' title='bbox 671 824 718 877; x_wconf 93' lang='lat' dir='ltr'>is</span> <span class='ocrx_word' id='word_1_104' title='bbox 760 823 1065 893; x_wconf 88' lang='lat' dir='ltr'>praevalet</span> <span class='ocrx_word' id='word_1_105' title='bbox 1106 823 1205 893; x_wconf 86' lang='lat' dir='ltr'>qui</span> <span class='ocrx_word' id='word_1_106' title='bbox 1251 823 1354 877; x_wconf 82' lang='lat' dir='ltr'>filii</span> <span class='ocrx_word' id='word_1_107' title='bbox 1397 822 1573 877; x_wconf 89' lang='lat' dir='ltr'>saluti</span> <span class='ocrx_word' id='word_1_108' title='bbox 1616 821 1871 877; x_wconf 88' lang='lat' dir='ltr'>consulit</span> <span class='ocrx_word' id='word_1_109' title='bbox 1924 819 2059 894; x_wconf 87' lang='lat'>(38).</span> <span class='ocrx_word' id='word_1_110' title='bbox 2102 822 2260 876; x_wconf 87' lang='lat' dir='ltr'>Haec</span> <span class='ocrx_word' id='word_1_111' title='bbox 2310 834 2407 888; x_wconf 86' lang='lat' dir='ltr'>po-</span> 
     </span>
     <span class='ocr_line' id='line_1_12' title="bbox 166 906 2406 983; baseline -0.001 -17"><span class='ocrx_word' id='word_1_112' title='bbox 166 914 366 975; x_wconf 88' lang='lat' dir='ltr'>testas,</span> <span class='ocrx_word' id='word_1_113' title='bbox 412 912 470 967; x_wconf 90' lang='lat' dir='ltr'>in</span> <span class='ocrx_word' id='word_1_114' title='bbox 515 914 585 967; x_wconf 89' lang='lat' dir='ltr'>iis</span> <span class='ocrx_word' id='word_1_115' title='bbox 627 928 776 983; x_wconf 85' lang='lat' dir='ltr'>quae</span> <span class='ocrx_word' id='word_1_116' title='bbox 819 912 1119 983; x_wconf 84' lang='lat' dir='ltr'>pertinent</span> <span class='ocrx_word' id='word_1_117' title='bbox 1158 913 1231 967; x_wconf 87' lang='lat' dir='ltr'>ad</span> <span class='ocrx_word' id='word_1_118' title='bbox 1273 912 1523 967; x_wconf 86' lang='lat' dir='ltr'>salutem</span> <span class='ocrx_word' id='word_1_119' title='bbox 1564 911 1814 975; x_wconf 89' lang='lat' dir='ltr'>animae,</span> <span class='ocrx_word' id='word_1_120' title='bbox 1857 910 2191 979; x_wconf 87' lang='lat' dir='ltr'>septenni0;</span> <span class='ocrx_word' id='word_1_121' title='bbox 2225 909 2284 964; x_wconf 92' lang='lat' dir='ltr'>in</span> <span class='ocrx_word' id='word_1_122' title='bbox 2314 906 2406 964; x_wconf 85' lang='lat' dir='ltr'>his</span> 
     </span>
     <span class='ocr_line' id='line_1_13' title="bbox 165 985 2448 1071; baseline 0 -17"><span class='ocrx_word' id='word_1_123' title='bbox 165 1016 316 1070; x_wconf 88' lang='lat' dir='ltr'>quae</span> <span class='ocrx_word' id='word_1_124' title='bbox 343 1002 416 1056; x_wconf 84' lang='lat' dir='ltr'>ad</span> <span class='ocrx_word' id='word_1_125' title='bbox 440 1002 789 1057; x_wconf 84' lang='lat' dir='ltr'>electionem</span> <span class='ocrx_word' id='word_1_126' title='bbox 820 1004 1028 1065; x_wconf 83' lang='lat' dir='ltr'>statuS‚</span> <span class='ocrx_word' id='word_1_127' title='bbox 1054 1004 1362 1071; x_wconf 85' lang='lat' dir='ltr'>pubertate</span> <span class='ocrx_word' id='word_1_128' title='bbox 1384 1001 1524 1071; x_wconf 81' lang='lat'>(39);</span> <span class='ocrx_word' id='word_1_129' title='bbox 1552 1002 1609 1055; x_wconf 90' lang='lat' dir='ltr'>in</span> <span class='ocrx_word' id='word_1_130' title='bbox 1640 1001 1730 1055; x_wconf 90' lang='lat' dir='ltr'>his</span> <span class='ocrx_word' id='word_1_131' title='bbox 1759 1015 1911 1071; x_wconf 90' lang='lat' dir='ltr'>quae</span> <span class='ocrx_word' id='word_1_132' title='bbox 1932 1001 2005 1054; x_wconf 90' lang='lat' dir='ltr'>ad</span> <span class='ocrx_word' id='word_1_133' title='bbox 2035 998 2404 1068; x_wconf 81' lang='lat' dir='ltr'>disciplinam</span> <span class='ocrx_word' id='word_1_134' title='bbox 2423 985 2448 999; x_wconf 65' lang='grc'><strong>”</strong></span> 
     </span>
     <span class='ocr_line' id='line_1_14' title="bbox 165 1089 2402 1161; baseline -0.001 -18"><span class='ocrx_word' id='word_1_135' title='bbox 165 1091 343 1158; x_wconf 79' lang='lat' dir='ltr'>vitae,</span> <span class='ocrx_word' id='word_1_136' title='bbox 372 1094 432 1147; x_wconf 86' lang='lat' dir='ltr'>et</span> <span class='ocrx_word' id='word_1_137' title='bbox 472 1108 670 1147; x_wconf 84' lang='lat' dir='ltr'>curam</span> <span class='ocrx_word' id='word_1_138' title='bbox 713 1092 1111 1156; x_wconf 81' lang='lat' dir='ltr'>domesticam,</span> <span class='ocrx_word' id='word_1_139' title='bbox 1142 1092 1625 1161; x_wconf 80' lang='lat' dir='ltr'>emancipatione,</span> <span class='ocrx_word' id='word_1_140' title='bbox 1655 1091 1703 1145; x_wconf 92' lang='lat' dir='ltr'>si</span> <span class='ocrx_word' id='word_1_141' title='bbox 1746 1091 1884 1160; x_wconf 85' lang='lat' dir='ltr'>quid</span> <span class='ocrx_word' id='word_1_142' title='bbox 1928 1090 2147 1157; x_wconf 87' lang='lat' dir='ltr'>opinor,</span> <span class='ocrx_word' id='word_1_143' title='bbox 2181 1089 2402 1144; x_wconf 87' lang='lat' dir='ltr'>finitur.</span> 
     </span>
    </p>

    <p class='ocr_par' dir='ltr' id='par_1_4' title="bbox 158 1179 2406 1340">
     <span class='ocr_line' id='line_1_15' title="bbox 164 1179 2406 1252; baseline -0.002 -18"><span class='ocrx_word' id='word_1_144' title='bbox 164 1179 246 1234; x_wconf 82' lang='lat' dir='ltr'>At</span> <span class='ocrx_word' id='word_1_145' title='bbox 287 1180 344 1235; x_wconf 89' lang='lat' dir='ltr'>iu</span> <span class='ocrx_word' id='word_1_146' title='bbox 395 1181 483 1235; x_wconf 84' lang='lat' dir='ltr'>his</span> <span class='ocrx_word' id='word_1_147' title='bbox 523 1197 675 1252; x_wconf 83' lang='lat' dir='ltr'>quae</span> <span class='ocrx_word' id='word_1_148' title='bbox 730 1185 999 1252; x_wconf 84' lang='lat' dir='ltr'>spectant</span> <span class='ocrx_word' id='word_1_149' title='bbox 1040 1183 1110 1234; x_wconf 82' lang='lat' dir='ltr'>ad</span> <span class='ocrx_word' id='word_1_150' title='bbox 1160 1183 1611 1235; x_wconf 75' lang='lat' dir='ltr'>substentationem</span> <span class='ocrx_word' id='word_1_151' title='bbox 1650 1182 1897 1250; x_wconf 77' lang='lat' dir='ltr'>corporis,</span> <span class='ocrx_word' id='word_1_152' title='bbox 1937 1186 1987 1232; x_wconf 84' lang='lat' dir='ltr'>et</span> <span class='ocrx_word' id='word_1_153' title='bbox 2026 1180 2406 1247; x_wconf 71' lang='lat' dir='ltr'>qenerationem</span> 
     </span>
     <span class='ocr_line' id='line_1_16' title="bbox 158 1270 1128 1340; baseline 0.003 -19"><span class='ocrx_word' id='word_1_154' title='bbox 158 1272 338 1339; x_wconf 73' lang='lat' dir='ltr'>prolis,</span> <span class='ocrx_word' id='word_1_155' title='bbox 370 1270 470 1324; x_wconf 84' lang='lat' dir='ltr'>filii</span> <span class='ocrx_word' id='word_1_156' title='bbox 516 1271 606 1325; x_wconf 90' lang='lat' dir='ltr'>sui</span> <span class='ocrx_word' id='word_1_157' title='bbox 649 1271 791 1325; x_wconf 88' lang='lat' dir='ltr'>iuris</span> <span class='ocrx_word' id='word_1_158' title='bbox 832 1274 970 1325; x_wconf 90' lang='lat' dir='ltr'>sunt</span> <span class='ocrx_word' id='word_1_159' title='bbox 1002 1271 1128 1340; x_wconf 89' lang='lat'>(40).</span> 
     </span>
    </p>

    <p class='ocr_par' dir='ltr' id='par_1_5' title="bbox 163 1357 2554 1970">
     <span class='ocr_line' id='line_1_17' title="bbox 238 1357 2406 1430; baseline -0 -17"><span class='ocrx_word' id='word_1_160' title='bbox 238 1361 326 1413; x_wconf 79' lang='grc'>54.</span> <span class='ocrx_word' id='word_1_161' title='bbox 355 1361 484 1415; x_wconf 87' lang='lat' dir='ltr'>Iure</span> <span class='ocrx_word' id='word_1_162' title='bbox 528 1361 820 1415; x_wconf 88' lang='lat' dir='ltr'>communi</span> <span class='ocrx_word' id='word_1_163' title='bbox 865 1361 1056 1429; x_wconf 85' lang='lat' dir='ltr'>patria</span> <span class='ocrx_word' id='word_1_164' title='bbox 1106 1362 1366 1429; x_wconf 89' lang='lat' dir='ltr'>potestas</span> <span class='ocrx_word' id='word_1_165' title='bbox 1414 1360 1520 1414; x_wconf 91' lang='lat' dir='ltr'>soli</span> <span class='ocrx_word' id='word_1_166' title='bbox 1567 1362 1957 1430; x_wconf 57' lang='lat' dir='ltr'>patrifamilias</span> <span class='ocrx_word' id='word_1_167' title='bbox 1994 1357 2130 1430; x_wconf 87' lang='grc'>(41),</span> <span class='ocrx_word' id='word_1_168' title='bbox 2184 1358 2287 1414; x_wconf 91' lang='lat' dir='ltr'>sed</span> <span class='ocrx_word' id='word_1_169' title='bbox 2330 1373 2406 1414; x_wconf 86' lang='lat' dir='ltr'>ex</span> 
     </span>
     <span class='ocr_line' id='line_1_18' title="bbox 163 1447 2404 1520; baseline -0 -17"><span class='ocrx_word' id='word_1_170' title='bbox 163 1449 281 1503; x_wconf 90' lang='lat' dir='ltr'>NN.</span> <span class='ocrx_word' id='word_1_171' title='bbox 317 1447 422 1502; x_wconf 92' lang='lat' dir='ltr'>LL.</span> <span class='ocrx_word' id='word_1_172' title='bbox 457 1454 616 1502; x_wconf 82' lang='lat' dir='ltr'>matri</span> <span class='ocrx_word' id='word_1_173' title='bbox 640 1464 872 1519; x_wconf 88' lang='lat' dir='ltr'>quoque</span> <span class='ocrx_word' id='word_1_174' title='bbox 887 1452 1139 1515; x_wconf 79' lang='lat' dir='ltr'>familias</span> <span class='ocrx_word' id='word_1_175' title='bbox 1177 1448 1292 1520; x_wconf 86' lang='lat'>(42)</span> <span class='ocrx_word' id='word_1_176' title='bbox 1330 1454 1592 1518; x_wconf 77' lang='lat' dir='ltr'>competit5</span> <span class='ocrx_word' id='word_1_177' title='bbox 1636 1450 1882 1518; x_wconf 90' lang='lat' dir='ltr'>ideoque</span> <span class='ocrx_word' id='word_1_178' title='bbox 1926 1450 1982 1503; x_wconf 94' lang='lat' dir='ltr'>in</span> <span class='ocrx_word' id='word_1_179' title='bbox 2016 1449 2166 1502; x_wconf 77' lang='lat' dir='ltr'>filios</span> <span class='ocrx_word' id='word_1_180' title='bbox 2208 1447 2404 1518; x_wconf 85' lang='lat' dir='ltr'>legiti-</span> 
     </span>
     <span class='ocr_line' id='line_1_19' title="bbox 164 1537 2408 1608; baseline 0 -15"><span class='ocrx_word' id='word_1_181' title='bbox 164 1554 286 1593; x_wconf 89' lang='lat' dir='ltr'>mos</span> <span class='ocrx_word' id='word_1_182' title='bbox 328 1541 589 1601; x_wconf 90' lang='lat' dir='ltr'>tantum;</span> <span class='ocrx_word' id='word_1_183' title='bbox 634 1539 759 1594; x_wconf 90' lang='lat' dir='ltr'>sive</span> <span class='ocrx_word' id='word_1_184' title='bbox 802 1539 1124 1601; x_wconf 86' lang='lat' dir='ltr'>naturales,</span> <span class='ocrx_word' id='word_1_185' title='bbox 1167 1539 1292 1593; x_wconf 89' lang='lat' dir='ltr'>sive</span> <span class='ocrx_word' id='word_1_186' title='bbox 1333 1538 1638 1607; x_wconf 86' lang='lat' dir='ltr'>adoptivos</span> <span class='ocrx_word' id='word_1_187' title='bbox 1668 1537 1804 1608; x_wconf 89' lang='lat'>(43).</span> <span class='ocrx_word' id='word_1_188' title='bbox 1835 1538 1994 1592; x_wconf 88' lang='lat' dir='ltr'>Haec</span> <span class='ocrx_word' id='word_1_189' title='bbox 2029 1542 2342 1593; x_wconf 88' lang='lat' dir='ltr'>exercetur</span> <span class='ocrx_word' id='word_1_190' title='bbox 2368 1552 2408 1593; x_wconf 88' lang='lat' dir='ltr'>a</span> 
     </span>
     <span class='ocr_line' id='line_1_20' title="bbox 164 1626 2406 1699; baseline -0.001 -16"><span class='ocrx_word' id='word_1_191' title='bbox 164 1632 348 1699; x_wconf 87' lang='lat' dir='ltr'>patre,</span> <span class='ocrx_word' id='word_1_192' title='bbox 381 1643 567 1698; x_wconf 87' lang='lat' dir='ltr'>eoque</span> <span class='ocrx_word' id='word_1_193' title='bbox 611 1630 853 1691; x_wconf 81' lang='lat' dir='ltr'>mortue,</span> <span class='ocrx_word' id='word_1_194' title='bbox 894 1643 931 1683; x_wconf 92' lang='lat' dir='ltr'>a</span> <span class='ocrx_word' id='word_1_195' title='bbox 970 1630 1159 1683; x_wconf 85' lang='lat' dir='ltr'>matre</span> <span class='ocrx_word' id='word_1_196' title='bbox 1193 1642 1383 1698; x_wconf 88' lang='lat' dir='ltr'>aequo</span> <span class='ocrx_word' id='word_1_197' title='bbox 1425 1627 1553 1682; x_wconf 89' lang='lat' dir='ltr'>iure</span> <span class='ocrx_word' id='word_1_198' title='bbox 1580 1626 1711 1698; x_wconf 87' lang='lat'>(44).</span> <span class='ocrx_word' id='word_1_199' title='bbox 1740 1626 1898 1690; x_wconf 85' lang='lat' dir='ltr'>Quae</span> <span class='ocrx_word' id='word_1_200' title='bbox 1930 1627 1989 1680; x_wconf 92' lang='lat' dir='ltr'>in</span> <span class='ocrx_word' id='word_1_201' title='bbox 2024 1641 2316 1696; x_wconf 85' lang='lat' dir='ltr'>personas,</span> <span class='ocrx_word' id='word_1_202' title='bbox 2343 1629 2406 1683; x_wconf 89' lang='lat' dir='ltr'>et</span> 
     </span>
     <span class='ocr_line' id='line_1_21' title="bbox 164 1711 2554 1787; baseline -0.001 -13"><span class='ocrx_word' id='word_1_203' title='bbox 164 1721 225 1774; x_wconf 92' lang='lat' dir='ltr'>in</span> <span class='ocrx_word' id='word_1_204' title='bbox 268 1735 363 1774; x_wconf 88' lang='lat' dir='ltr'>res</span> <span class='ocrx_word' id='word_1_205' title='bbox 404 1720 653 1773; x_wconf 85' lang='lat' dir='ltr'>filiorum</span> <span class='ocrx_word' id='word_1_206' title='bbox 699 1718 951 1773; x_wconf 86' lang='lat' dir='ltr'>familias</span> <span class='ocrx_word' id='word_1_207' title='bbox 990 1718 1302 1773; x_wconf 86' lang='lat' dir='ltr'>diducitur.</span> <span class='ocrx_word' id='word_1_208' title='bbox 1365 1720 1432 1771; x_wconf 87' lang='lat' dir='ltr'>In</span> <span class='ocrx_word' id='word_1_209' title='bbox 1474 1734 1751 1787; x_wconf 72' lang='lat' dir='ltr'>personas:</span> <span class='ocrx_word' id='word_1_210' title='bbox 1810 1718 1916 1771; x_wconf 89' lang='lat' dir='ltr'>hoc</span> <span class='ocrx_word' id='word_1_211' title='bbox 1975 1711 2209 1771; x_wconf 87' lang='lat' dir='ltr'>nomine</span> <span class='ocrx_word' id='word_1_212' title='bbox 2250 1714 2407 1771; x_wconf 85' lang='lat' dir='ltr'>filius</span> <span class='ocrx_word' id='word_1_213' title='bbox 2503 1775 2506 1778; x_wconf 68' lang='grc'>,</span> <span class='ocrx_word' id='word_1_214' title='bbox 2550 1755 2554 1757; x_wconf 90' lang='grc'>-</span> 
     </span>
     <span class='ocr_line' id='line_1_22' title="bbox 165 1803 2478 1879; baseline -0.001 -15"><span class='ocrx_word' id='word_1_215' title='bbox 165 1810 507 1879; x_wconf 82' lang='lat' dir='ltr'>prohibetur</span> <span class='ocrx_word' id='word_1_216' title='bbox 548 1809 774 1863; x_wconf 88' lang='lat' dir='ltr'>iniussu</span> <span class='ocrx_word' id='word_1_217' title='bbox 815 1811 1124 1878; x_wconf 87' lang='lat' dir='ltr'>parentum</span> <span class='ocrx_word' id='word_1_218' title='bbox 1167 1823 1231 1863; x_wconf 90' lang='lat' dir='ltr'>se</span> <span class='ocrx_word' id='word_1_219' title='bbox 1274 1809 1332 1863; x_wconf 93' lang='lat' dir='ltr'>in</span> <span class='ocrx_word' id='word_1_220' title='bbox 1373 1809 1743 1877; x_wconf 89' lang='lat' dir='ltr'>adoptionem</span> <span class='ocrx_word' id='word_1_221' title='bbox 1785 1809 1924 1862; x_wconf 89' lang='lat' dir='ltr'>dare</span> <span class='ocrx_word' id='word_1_222' title='bbox 1965 1806 2097 1879; x_wconf 87' lang='lat'>(45),</span> <span class='ocrx_word' id='word_1_223' title='bbox 2141 1812 2201 1862; x_wconf 92' lang='lat' dir='ltr'>et</span> <span class='ocrx_word' id='word_1_224' title='bbox 2249 1808 2404 1862; x_wconf 87' lang='lat' dir='ltr'>coire</span> <span class='ocrx_word' id='word_1_225' title='bbox 2476 1803 2478 1805; x_wconf 55' lang='lat'><em>&#39;</em></span> 
     </span>
     <span class='ocr_line' id='line_1_23' title="bbox 164 1897 2403 1970; baseline -0.001 -17"><span class='ocrx_word' id='word_1_226' title='bbox 164 1900 400 1970; x_wconf 87' lang='lat' dir='ltr'>nuptias</span> <span class='ocrx_word' id='word_1_227' title='bbox 428 1899 569 1970; x_wconf 81' lang='lat'>(46):</span> <span class='ocrx_word' id='word_1_228' title='bbox 602 1900 667 1951; x_wconf 86' lang='lat' dir='ltr'>In</span> <span class='ocrx_word' id='word_1_229' title='bbox 698 1915 801 1951; x_wconf 80' lang='lat' dir='ltr'>res:</span> <span class='ocrx_word' id='word_1_230' title='bbox 831 1915 904 1954; x_wconf 79' lang='lat' dir='ltr'>ex</span> <span class='ocrx_word' id='word_1_231' title='bbox 933 1899 1040 1952; x_wconf 85' lang='lat' dir='ltr'>hoc</span> <span class='ocrx_word' id='word_1_232' title='bbox 1069 1898 1260 1967; x_wconf 89' lang='lat' dir='ltr'>capite</span> <span class='ocrx_word' id='word_1_233' title='bbox 1290 1897 1339 1952; x_wconf 90' lang='lat' dir='ltr'>is</span> <span class='ocrx_word' id='word_1_234' title='bbox 1368 1897 1467 1967; x_wconf 88' lang='lat' dir='ltr'>qui</span> <span class='ocrx_word' id='word_1_235' title='bbox 1499 1898 1747 1967; x_wconf 84' lang='lat' dir='ltr'>patriam</span> <span class='ocrx_word' id='word_1_236' title='bbox 1779 1900 2132 1967; x_wconf 89' lang='lat' dir='ltr'>potestatem</span> <span class='ocrx_word' id='word_1_237' title='bbox 2159 1898 2403 1953; x_wconf 85' lang='lat' dir='ltr'>exercet</span> 
     </span>
    </p>
   </div>
   <div class='ocr_carea' id='block_1_3' title="bbox 93 2069 2404 2630">
    <p class='ocr_par' dir='ltr' id='par_1_6' title="bbox 161 2069 2404 2419">
     <span class='ocr_line' id='line_1_24' title="bbox 1336 2069 2403 2130; baseline -0.001 -14"><span class='ocrx_word' id='word_1_238' title='bbox 1336 2073 1597 2118; x_wconf 79' lang='lat' dir='ltr'>Postremo</span> <span class='ocrx_word' id='word_1_239' title='bbox 1620 2084 1795 2118; x_wconf 84' lang='lat' dir='ltr'>mense</span> <span class='ocrx_word' id='word_1_240' title='bbox 1814 2074 1875 2125; x_wconf 60' lang='grc' dir='ltr'>ἐξ</span> <span class='ocrx_word' id='word_1_241' title='bbox 1896 2070 1964 2119; x_wconf 85' lang='grc'>16.</span> <span class='ocrx_word' id='word_1_242' title='bbox 1988 2070 2059 2124; x_wconf 89' lang='grc'>21,</span> <span class='ocrx_word' id='word_1_243' title='bbox 2079 2069 2149 2115; x_wconf 90' lang='grc'>23.</span> <span class='ocrx_word' id='word_1_244' title='bbox 2173 2069 2239 2115; x_wconf 86' lang='lat' dir='ltr'>Et</span> <span class='ocrx_word' id='word_1_245' title='bbox 2261 2071 2403 2130; x_wconf 81' lang='lat' dir='ltr'>patre</span> 
     </span>
     <span class='ocr_line' id='line_1_25' title="bbox 163 2141 2404 2206; baseline -0.003 -14"><span class='ocrx_word' id='word_1_246' title='bbox 163 2161 206 2192; x_wconf 83' lang='lat' dir='ltr'>v.</span> <span class='ocrx_word' id='word_1_247' title='bbox 231 2160 287 2199; x_wconf 81' lang='lat' dir='ltr'>c..</span> <span class='ocrx_word' id='word_1_248' title='bbox 310 2147 628 2206; x_wconf 83' lang='lat' dir='ltr'>legitimatus</span> <span class='ocrx_word' id='word_1_249' title='bbox 652 2159 740 2206; x_wconf 90' lang='lat' dir='ltr'>per</span> <span class='ocrx_word' id='word_1_250' title='bbox 762 2145 1082 2205; x_wconf 88' lang='lat' dir='ltr'>subsequens</span> <span class='ocrx_word' id='word_1_251' title='bbox 1118 2159 1228 2191; x_wconf 87' lang='lat' dir='ltr'>ma·</span> <span class='ocrx_word' id='word_1_252' title='bbox 1339 2147 1551 2196; x_wconf 88' lang='lat' dir='ltr'>mortuo,</span> <span class='ocrx_word' id='word_1_253' title='bbox 1574 2144 1619 2188; x_wconf 91' lang='lat' dir='ltr'>si</span> <span class='ocrx_word' id='word_1_254' title='bbox 1642 2143 1950 2189; x_wconf 85' lang='lat' dir='ltr'>dissentiant</span> <span class='ocrx_word' id='word_1_255' title='bbox 1972 2141 2132 2187; x_wconf 83' lang='lat' dir='ltr'>Mater</span> <span class='ocrx_word' id='word_1_256' title='bbox 2148 2141 2326 2187; x_wconf 84' lang='lat' dir='ltr'>tutrix.</span> <span class='ocrx_word' id='word_1_257' title='bbox 2349 2143 2404 2185; x_wconf 81' lang='lat' dir='ltr'>et</span> 
     </span>
     <span class='ocr_line' id='line_1_26' title="bbox 161 2209 2402 2276; baseline -0.003 -13"><span class='ocrx_word' id='word_1_258' title='bbox 161 2218 455 2263; x_wconf 86' lang='lat' dir='ltr'>trimonium</span> <span class='ocrx_word' id='word_1_259' title='bbox 475 2231 574 2263; x_wconf 91' lang='lat' dir='ltr'>non</span> <span class='ocrx_word' id='word_1_260' title='bbox 591 2216 821 2263; x_wconf 88' lang='lat' dir='ltr'>succedit</span> <span class='ocrx_word' id='word_1_261' title='bbox 838 2217 982 2263; x_wconf 87' lang='lat' dir='ltr'>fratri</span> <span class='ocrx_word' id='word_1_262' title='bbox 1004 2217 1233 2276; x_wconf 87' lang='lat' dir='ltr'>legitimo</span> <span class='ocrx_word' id='word_1_263' title='bbox 1335 2216 1464 2260; x_wconf 88' lang='lat' dir='ltr'>Avia</span> <span class='ocrx_word' id='word_1_264' title='bbox 1482 2218 1705 2273; x_wconf 88' lang='lat' dir='ltr'>paterna,</span> <span class='ocrx_word' id='word_1_265' title='bbox 1723 2213 1848 2259; x_wconf 91' lang='lat' dir='ltr'>haec</span> <span class='ocrx_word' id='word_1_266' title='bbox 1866 2214 2030 2272; x_wconf 85' lang='lat' dir='ltr'>potior</span> <span class='ocrx_word' id='word_1_267' title='bbox 2047 2211 2155 2257; x_wconf 87' lang='lat' dir='ltr'>erit.</span> <span class='ocrx_word' id='word_1_268' title='bbox 2175 2211 2291 2269; x_wconf 89' lang='lat' dir='ltr'>(Cit.</span> <span class='ocrx_word' id='word_1_269' title='bbox 2311 2209 2402 2272; x_wconf 76' lang='lat' dir='ltr'>Ep.</span> 
     </span>
     <span class='ocr_line' id='line_1_27' title="bbox 163 2284 2288 2389; baseline -0.003 -55"><span class='ocrx_word' id='word_1_270' title='bbox 163 2292 279 2335; x_wconf 89' lang='lat' dir='ltr'>ante</span> <span class='ocrx_word' id='word_1_271' title='bbox 327 2289 745 2348; x_wconf 85' lang='lat' dir='ltr'>legitimationem</span> <span class='ocrx_word' id='word_1_272' title='bbox 790 2292 1010 2335; x_wconf 87' lang='lat' dir='ltr'>mortuo:</span> <span class='ocrx_word' id='word_1_273' title='bbox 1057 2293 1232 2335; x_wconf 87' lang='lat' dir='ltr'>contra</span> <span class='ocrx_word' id='word_1_274' title='bbox 1284 2307 1288 2389; x_wconf 45' lang='grc' dir='ltr'><em>ι</em></span> <span class='ocrx_word' id='word_1_275' title='bbox 1335 2286 1499 2332; x_wconf 80' lang='lat' dir='ltr'>Probe</span> <span class='ocrx_word' id='word_1_276' title='bbox 1523 2290 1569 2332; x_wconf 84' lang='lat' dir='ltr'>te</span> <span class='ocrx_word' id='word_1_277' title='bbox 1589 2290 1650 2342; x_wconf 76' lang='lat'>§§</span> <span class='ocrx_word' id='word_1_278' title='bbox 1674 2284 1747 2339; x_wconf 90' lang='grc'>21,</span> <span class='ocrx_word' id='word_1_279' title='bbox 1773 2285 1864 2343; x_wconf 88' lang='grc'>23).</span> <span class='ocrx_word' id='word_1_280' title='bbox 2286 2304 2288 2306; x_wconf 94' lang='grc'>-</span> 
     </span>
     <span class='ocr_line' id='line_1_28' title="bbox 164 2353 2400 2419; baseline -0.003 -15"><span class='ocrx_word' id='word_1_281' title='bbox 164 2363 364 2406; x_wconf 87' lang='lat' dir='ltr'>revocat</span> <span class='ocrx_word' id='word_1_282' title='bbox 398 2360 695 2406; x_wconf 87' lang='lat' dir='ltr'>donationes</span> <span class='ocrx_word' id='word_1_283' title='bbox 729 2373 758 2405; x_wconf 94' lang='lat' dir='ltr'>a</span> <span class='ocrx_word' id='word_1_284' title='bbox 790 2363 932 2419; x_wconf 90' lang='lat' dir='ltr'>patre</span> <span class='ocrx_word' id='word_1_285' title='bbox 973 2363 1123 2407; x_wconf 88' lang='lat' dir='ltr'>antea</span> <span class='ocrx_word' id='word_1_286' title='bbox 1154 2359 1230 2405; x_wconf 90' lang='lat' dir='ltr'>fa·</span> <span class='ocrx_word' id='word_1_287' title='bbox 1396 2357 1454 2401; x_wconf 82' lang='lat'>39</span> <span class='ocrx_word' id='word_1_288' title='bbox 1475 2361 1550 2403; x_wconf 81' lang='lat' dir='ltr'>Ex</span> <span class='ocrx_word' id='word_1_289' title='bbox 1573 2357 1627 2405; x_wconf 90' lang='lat' dir='ltr'>C.</span> <span class='ocrx_word' id='word_1_290' title='bbox 1657 2357 1709 2399; x_wconf 87' lang='lat'>12</span> <span class='ocrx_word' id='word_1_291' title='bbox 1734 2359 1806 2403; x_wconf 87' lang='lat' dir='ltr'>De</span> <span class='ocrx_word' id='word_1_292' title='bbox 1828 2357 2006 2412; x_wconf 74' lang='lat' dir='ltr'>Reyul.</span> <span class='ocrx_word' id='word_1_293' title='bbox 2037 2353 2096 2400; x_wconf 92' lang='lat' dir='ltr'>D.</span> <span class='ocrx_word' id='word_1_294' title='bbox 2122 2353 2240 2400; x_wconf 85' lang='lat' dir='ltr'>Tho.</span> <span class='ocrx_word' id='word_1_295' title='bbox 2272 2354 2323 2400; x_wconf 89' lang='lat' dir='ltr'>in</span> <span class='ocrx_word' id='word_1_296' title='bbox 2357 2354 2400 2399; x_wconf 94' lang='lat'>4.</span> 
     </span>
    </p>

    <p class='ocr_par' dir='ltr' id='par_1_7' title="bbox 93 2421 2401 2630">
     <span class='ocr_line' id='line_1_29' title="bbox 93 2421 2401 2505; baseline -0.004 -28"><span class='ocrx_word' id='word_1_297' title='bbox 93 2434 286 2505; x_wconf 60' lang='lat' dir='ltr'>Qctas.</span> <span class='ocrx_word' id='word_1_298' title='bbox 313 2431 378 2475; x_wconf 86' lang='lat' dir='ltr'>Et</span> <span class='ocrx_word' id='word_1_299' title='bbox 395 2432 440 2476; x_wconf 89' lang='lat' dir='ltr'>si</span> <span class='ocrx_word' id='word_1_300' title='bbox 459 2430 588 2476; x_wconf 89' lang='lat' dir='ltr'>bona</span> <span class='ocrx_word' id='word_1_301' title='bbox 613 2431 657 2476; x_wconf 92' lang='lat' dir='ltr'>ei</span> <span class='ocrx_word' id='word_1_302' title='bbox 680 2431 802 2482; x_wconf 88' lang='lat' dir='ltr'>sint,</span> <span class='ocrx_word' id='word_1_303' title='bbox 831 2444 1047 2491; x_wconf 88' lang='lat' dir='ltr'>quorum</span> <span class='ocrx_word' id='word_1_304' title='bbox 1072 2444 1229 2477; x_wconf 89' lang='lat' dir='ltr'>usus·</span> <span class='ocrx_word' id='word_1_305' title='bbox 1335 2428 1468 2474; x_wconf 90' lang='lat' dir='ltr'>Dist.</span> <span class='ocrx_word' id='word_1_306' title='bbox 1500 2428 1573 2479; x_wconf 87' lang='grc'>38,</span> <span class='ocrx_word' id='word_1_307' title='bbox 1608 2429 1761 2483; x_wconf 84' lang='lat' dir='ltr'>Quae.</span> <span class='ocrx_word' id='word_1_308' title='bbox 1793 2428 1828 2479; x_wconf 92' lang='lat' dir='ltr'>l,</span> <span class='ocrx_word' id='word_1_309' title='bbox 1853 2429 1944 2472; x_wconf 88' lang='lat' dir='ltr'>art.</span> <span class='ocrx_word' id='word_1_310' title='bbox 1975 2426 2012 2477; x_wconf 90' lang='lat' dir='ltr'>l,</span> <span class='ocrx_word' id='word_1_311' title='bbox 2035 2437 2080 2485; x_wconf 91' lang='lat' dir='ltr'>q.</span> <span class='ocrx_word' id='word_1_312' title='bbox 2116 2424 2207 2471; x_wconf 90' lang='lat' dir='ltr'>ult.</span> <span class='ocrx_word' id='word_1_313' title='bbox 2235 2423 2335 2471; x_wconf 87' lang='lat' dir='ltr'>Sol.</span> <span class='ocrx_word' id='word_1_314' title='bbox 2359 2421 2401 2469; x_wconf 82' lang='lat'>3.</span> 
     </span>
     <span class='ocr_line' id='line_1_30' title="bbox 161 2496 2008 2560; baseline -0.001 -15"><span class='ocrx_word' id='word_1_315' title='bbox 161 2499 361 2546; x_wconf 81' lang='lat' dir='ltr'>fruetus</span> <span class='ocrx_word' id='word_1_316' title='bbox 395 2501 457 2546; x_wconf 89' lang='lat' dir='ltr'>ad</span> <span class='ocrx_word' id='word_1_317' title='bbox 486 2504 719 2560; x_wconf 88' lang='lat' dir='ltr'>parentes</span> <span class='ocrx_word' id='word_1_318' title='bbox 747 2502 966 2560; x_wconf 82' lang='lat' dir='ltr'>pertinet</span> <span class='ocrx_word' id='word_1_319' title='bbox 998 2502 1081 2547; x_wconf 92' lang='lat' dir='ltr'>his</span> <span class='ocrx_word' id='word_1_320' title='bbox 1106 2502 1230 2548; x_wconf 90' lang='lat' dir='ltr'>ale·</span> <span class='ocrx_word' id='word_1_321' title='bbox 1394 2500 1452 2543; x_wconf 89' lang='grc'>40</span> <span class='ocrx_word' id='word_1_322' title='bbox 1482 2498 1539 2544; x_wconf 93' lang='lat' dir='ltr'>D.</span> <span class='ocrx_word' id='word_1_323' title='bbox 1564 2498 1685 2544; x_wconf 89' lang='lat' dir='ltr'>Tho.</span> <span class='ocrx_word' id='word_1_324' title='bbox 1708 2498 1749 2551; x_wconf 89' lang='lat'>2,</span> <span class='ocrx_word' id='word_1_325' title='bbox 1771 2496 1815 2551; x_wconf 93' lang='grc'>2,</span> <span class='ocrx_word' id='word_1_326' title='bbox 1845 2497 1939 2547; x_wconf 88' lang='grc'>104,</span> <span class='ocrx_word' id='word_1_327' title='bbox 1963 2498 2008 2543; x_wconf 89' lang='grc'>5.</span> 
     </span>
     <span class='ocr_line' id='line_1_31' title="bbox 160 2565 2400 2630; baseline -0.002 -14"><span class='ocrx_word' id='word_1_328' title='bbox 160 2571 478 2630; x_wconf 79' lang='lat' dir='ltr'>gitimatione</span> <span class='ocrx_word' id='word_1_329' title='bbox 501 2585 597 2616; x_wconf 92' lang='lat' dir='ltr'>non</span> <span class='ocrx_word' id='word_1_330' title='bbox 625 2575 771 2618; x_wconf 84' lang='lat' dir='ltr'>antea</span> <span class='ocrx_word' id='word_1_331' title='bbox 793 2572 1022 2618; x_wconf 89' lang='lat' dir='ltr'>debetur:</span> <span class='ocrx_word' id='word_1_332' title='bbox 1048 2576 1098 2618; x_wconf 92' lang='lat' dir='ltr'>et</span> <span class='ocrx_word' id='word_1_333' title='bbox 1120 2573 1232 2619; x_wconf 91' lang='lat' dir='ltr'>ideo</span> <span class='ocrx_word' id='word_1_334' title='bbox 1394 2570 1444 2615; x_wconf 85' lang='lat'>41</span> <span class='ocrx_word' id='word_1_335' title='bbox 1486 2575 1516 2625; x_wconf 69' lang='grc' dir='ltr'><strong>ἓ</strong></span> <span class='ocrx_word' id='word_1_336' title='bbox 1539 2572 1581 2624; x_wconf 83' lang='grc'>3,</span> <span class='ocrx_word' id='word_1_337' title='bbox 1615 2571 1691 2616; x_wconf 88' lang='lat' dir='ltr'>De</span> <span class='ocrx_word' id='word_1_338' title='bbox 1723 2571 1867 2614; x_wconf 85' lang='lat' dir='ltr'>Patr.</span> <span class='ocrx_word' id='word_1_339' title='bbox 1893 2567 2073 2625; x_wconf 59' lang='lat' dir='ltr'>ponc.</span> <span class='ocrx_word' id='word_1_340' title='bbox 2093 2565 2121 2610; x_wconf 82' lang='lat'>2</span> <span class='ocrx_word' id='word_1_341' title='bbox 2154 2567 2231 2614; x_wconf 86' lang='lat' dir='ltr'>De</span> <span class='ocrx_word' id='word_1_342' title='bbox 2251 2567 2400 2614; x_wconf 78' lang='lat' dir='ltr'>Conv.</span> 
     </span>
    </p>
   </div>
   <div class='ocr_carea' id='block_1_4' title="bbox 221 2073 1231 2128">
    <p class='ocr_par' dir='ltr' id='par_1_8' title="bbox 221 2073 1231 2128">
     <span class='ocr_line' id='line_1_32' title="bbox 221 2073 1231 2128; baseline 0.001 -10"><span class='ocrx_word' id='word_1_343' title='bbox 221 2075 280 2120; x_wconf 87' lang='lat'>35</span> <span class='ocrx_word' id='word_1_344' title='bbox 302 2076 356 2123; x_wconf 92' lang='lat' dir='ltr'>C.</span> <span class='ocrx_word' id='word_1_345' title='bbox 381 2076 433 2120; x_wconf 87' lang='lat' dir='ltr'>lt.</span> <span class='ocrx_word' id='word_1_346' title='bbox 465 2077 560 2128; x_wconf 86' lang='lat'>197,</span> <span class='ocrx_word' id='word_1_347' title='bbox 579 2076 682 2120; x_wconf 88' lang='lat'>204.</span> <span class='ocrx_word' id='word_1_348' title='bbox 709 2074 856 2121; x_wconf 89' lang='lat' dir='ltr'>Zach.</span> <span class='ocrx_word' id='word_1_349' title='bbox 879 2074 985 2127; x_wconf 85' lang='grc'>548,</span> <span class='ocrx_word' id='word_1_350' title='bbox 1016 2074 1082 2119; x_wconf 87' lang='grc'>15.</span> <span class='ocrx_word' id='word_1_351' title='bbox 1103 2073 1231 2126; x_wconf 89' lang='lat' dir='ltr'>Ideo,</span> 
     </span>
    </p>
   </div>
   <div class='ocr_carea' id='block_1_5' title="bbox 153 2642 1234 3689">
    <p class='ocr_par' dir='ltr' id='par_1_9' title="bbox 160 2642 1234 2836">
     <span class='ocr_line' id='line_1_33' title="bbox 161 2642 1234 2689; baseline 0.003 -3"><span class='ocrx_word' id='word_1_352' title='bbox 161 2645 277 2687; x_wconf 89' lang='lat' dir='ltr'>ante</span> <span class='ocrx_word' id='word_1_353' title='bbox 312 2642 442 2687; x_wconf 86' lang='lat' dir='ltr'>hanc</span> <span class='ocrx_word' id='word_1_354' title='bbox 466 2642 690 2687; x_wconf 89' lang='lat' dir='ltr'>nondum</span> <span class='ocrx_word' id='word_1_355' title='bbox 714 2644 879 2688; x_wconf 85' lang='lat' dir='ltr'>exacti</span> <span class='ocrx_word' id='word_1_356' title='bbox 913 2644 996 2688; x_wconf 90' lang='lat' dir='ltr'>sui</span> <span class='ocrx_word' id='word_1_357' title='bbox 1026 2647 1234 2689; x_wconf 88' lang='lat' dir='ltr'>manent</span> 
     </span>
     <span class='ocr_line' id='line_1_34' title="bbox 161 2711 1231 2771; baseline 0.004 -16"><span class='ocrx_word' id='word_1_358' title='bbox 161 2711 241 2768; x_wconf 88' lang='lat' dir='ltr'>(V.</span> <span class='ocrx_word' id='word_1_359' title='bbox 259 2712 384 2757; x_wconf 88' lang='lat' dir='ltr'>Tull.</span> <span class='ocrx_word' id='word_1_360' title='bbox 411 2712 476 2766; x_wconf 90' lang='grc' dir='ltr'>ΙΙ,</span> <span class='ocrx_word' id='word_1_361' title='bbox 501 2711 609 2766; x_wconf 84' lang='grc' dir='ltr'>93ος</span> <span class='ocrx_word' id='word_1_362' title='bbox 633 2713 846 2759; x_wconf 87' lang='lat' dir='ltr'>Durant.</span> <span class='ocrx_word' id='word_1_363' title='bbox 870 2714 941 2767; x_wconf 93' lang='lat' dir='ltr'>III,</span> <span class='ocrx_word' id='word_1_364' title='bbox 970 2715 1079 2771; x_wconf 82' lang='lat'>1883</span> <span class='ocrx_word' id='word_1_365' title='bbox 1101 2714 1231 2759; x_wconf 87' lang='lat' dir='ltr'>Maz-</span> 
     </span>
     <span class='ocr_line' id='line_1_35' title="bbox 160 2783 493 2836; baseline 0.003 -9"><span class='ocrx_word' id='word_1_366' title='bbox 160 2784 268 2828; x_wconf 90' lang='lat' dir='ltr'>zoni</span> <span class='ocrx_word' id='word_1_367' title='bbox 293 2784 344 2836; x_wconf 89' lang='lat'>11,</span> <span class='ocrx_word' id='word_1_368' title='bbox 366 2783 493 2836; x_wconf 83' lang='lat'>313).</span> 
     </span>
    </p>

    <p class='ocr_par' dir='ltr' id='par_1_10' title="bbox 153 2853 1230 3475">
     <span class='ocr_line' id='line_1_36' title="bbox 220 2853 1228 2914; baseline 0.003 -16"><span class='ocrx_word' id='word_1_369' title='bbox 220 2855 278 2898; x_wconf 89' lang='grc'>36</span> <span class='ocrx_word' id='word_1_370' title='bbox 311 2854 471 2900; x_wconf 83' lang='lat' dir='ltr'>Exodi</span> <span class='ocrx_word' id='word_1_371' title='bbox 506 2854 580 2907; x_wconf 91' lang='lat'>20,</span> <span class='ocrx_word' id='word_1_372' title='bbox 621 2853 686 2898; x_wconf 82' lang='grc'>12.</span> <span class='ocrx_word' id='word_1_373' title='bbox 711 2855 860 2900; x_wconf 89' lang='lat' dir='ltr'>Porro</span> <span class='ocrx_word' id='word_1_374' title='bbox 896 2855 1026 2901; x_wconf 80' lang='lat' dir='ltr'>filios</span> <span class='ocrx_word' id='word_1_375' title='bbox 1059 2857 1228 2914; x_wconf 89' lang='lat' dir='ltr'>inspi-</span> 
     </span>
     <span class='ocr_line' id='line_1_37' title="bbox 160 2924 1226 2986; baseline 0.005 -18"><span class='ocrx_word' id='word_1_376' title='bbox 160 2936 268 2969; x_wconf 88' lang='lat' dir='ltr'>cere</span> <span class='ocrx_word' id='word_1_377' title='bbox 303 2924 543 2971; x_wconf 89' lang='lat' dir='ltr'>debemus</span> <span class='ocrx_word' id='word_1_378' title='bbox 575 2931 625 2971; x_wconf 87' lang='lat' dir='ltr'>et</span> <span class='ocrx_word' id='word_1_379' title='bbox 657 2939 757 2986; x_wconf 91' lang='lat' dir='ltr'>qua</span> <span class='ocrx_word' id='word_1_380' title='bbox 784 2925 892 2979; x_wconf 85' lang='lat' dir='ltr'>filii,</span> <span class='ocrx_word' id='word_1_381' title='bbox 923 2930 972 2971; x_wconf 93' lang='lat' dir='ltr'>et</span> <span class='ocrx_word' id='word_1_382' title='bbox 999 2939 1100 2986; x_wconf 89' lang='lat' dir='ltr'>qua</span> <span class='ocrx_word' id='word_1_383' title='bbox 1134 2928 1226 2973; x_wconf 92' lang='lat' dir='ltr'>ho·</span> 
     </span>
     <span class='ocr_line' id='line_1_38' title="bbox 161 2996 1230 3052; baseline 0.005 -13"><span class='ocrx_word' id='word_1_384' title='bbox 161 2996 323 3041; x_wconf 86' lang='lat' dir='ltr'>mines</span> <span class='ocrx_word' id='word_1_385' title='bbox 347 3001 468 3042; x_wconf 89' lang='lat' dir='ltr'>sunt</span> <span class='ocrx_word' id='word_1_386' title='bbox 491 2997 567 3052; x_wconf 87' lang='lat' dir='ltr'>(D.</span> <span class='ocrx_word' id='word_1_387' title='bbox 594 2997 713 3044; x_wconf 88' lang='lat' dir='ltr'>Tho.</span> <span class='ocrx_word' id='word_1_388' title='bbox 737 2998 779 3051; x_wconf 88' lang='lat'>2,</span> <span class='ocrx_word' id='word_1_389' title='bbox 805 2998 846 3049; x_wconf 83' lang='lat'>2,</span> <span class='ocrx_word' id='word_1_390' title='bbox 870 2999 944 3052; x_wconf 88' lang='grc'>57,</span> <span class='ocrx_word' id='word_1_391' title='bbox 964 2999 1028 3043; x_wconf 90' lang='lat' dir='ltr'>ad</span> <span class='ocrx_word' id='word_1_392' title='bbox 1051 3005 1097 3046; x_wconf 83' lang='lat'>2:</span> <span class='ocrx_word' id='word_1_393' title='bbox 1119 2998 1230 3044; x_wconf 92' lang='lat' dir='ltr'>heic</span> 
     </span>
     <span class='ocr_line' id='line_1_39' title="bbox 162 3065 1229 3129; baseline 0.007 -21"><span class='ocrx_word' id='word_1_394' title='bbox 162 3065 222 3109; x_wconf 92' lang='lat' dir='ltr'>de</span> <span class='ocrx_word' id='word_1_395' title='bbox 257 3066 335 3110; x_wconf 90' lang='lat' dir='ltr'>his</span> <span class='ocrx_word' id='word_1_396' title='bbox 370 3067 535 3112; x_wconf 79' lang='lat' dir='ltr'>solnm</span> <span class='ocrx_word' id='word_1_397' title='bbox 571 3069 740 3127; x_wconf 85' lang='lat' dir='ltr'>agitur</span> <span class='ocrx_word' id='word_1_398' title='bbox 768 3082 897 3127; x_wconf 89' lang='lat' dir='ltr'>quae</span> <span class='ocrx_word' id='word_1_399' title='bbox 933 3069 1229 3129; x_wconf 86' lang='lat' dir='ltr'>parentibus</span> 
     </span>
     <span class='ocr_line' id='line_1_40' title="bbox 159 3139 1229 3198; baseline 0.007 -18"><span class='ocrx_word' id='word_1_400' title='bbox 159 3149 261 3196; x_wconf 89' lang='lat' dir='ltr'>qua</span> <span class='ocrx_word' id='word_1_401' title='bbox 283 3139 577 3196; x_wconf 86' lang='lat' dir='ltr'>parentibus</span> <span class='ocrx_word' id='word_1_402' title='bbox 597 3144 891 3198; x_wconf 85' lang='lat' dir='ltr'>competunt</span> <span class='ocrx_word' id='word_1_403' title='bbox 908 3155 919 3195; x_wconf 92' lang='lat'><strong>;</strong></span> <span class='ocrx_word' id='word_1_404' title='bbox 939 3155 1054 3187; x_wconf 88' lang='lat' dir='ltr'>nam</span> <span class='ocrx_word' id='word_1_405' title='bbox 1074 3142 1126 3187; x_wconf 90' lang='lat' dir='ltr'>in</span> <span class='ocrx_word' id='word_1_406' title='bbox 1148 3142 1229 3186; x_wconf 90' lang='lat' dir='ltr'>his</span> 
     </span>
     <span class='ocr_line' id='line_1_41' title="bbox 153 3208 1226 3271; baseline 0.005 -19"><span class='ocrx_word' id='word_1_407' title='bbox 153 3210 210 3253; x_wconf 76' lang='lat' dir='ltr'>&#39;in</span> <span class='ocrx_word' id='word_1_408' title='bbox 250 3208 435 3267; x_wconf 90' lang='lat' dir='ltr'>quibus</span> <span class='ocrx_word' id='word_1_409' title='bbox 475 3211 566 3255; x_wconf 88' lang='lat' dir='ltr'>filii</span> <span class='ocrx_word' id='word_1_410' title='bbox 607 3213 754 3269; x_wconf 86' lang='lat' dir='ltr'>quasi</span> <span class='ocrx_word' id='word_1_411' title='bbox 793 3215 1022 3260; x_wconf 82' lang='lat' dir='ltr'>homines</span> <span class='ocrx_word' id='word_1_412' title='bbox 1061 3213 1226 3271; x_wconf 87' lang='lat' dir='ltr'>inspi-</span> 
     </span>
     <span class='ocr_line' id='line_1_42' title="bbox 161 3278 1228 3340; baseline 0.005 -17"><span class='ocrx_word' id='word_1_413' title='bbox 161 3278 376 3332; x_wconf 85' lang='lat' dir='ltr'>ciuntur,</span> <span class='ocrx_word' id='word_1_414' title='bbox 395 3293 508 3324; x_wconf 85' lang='lat' dir='ltr'>cum</span> <span class='ocrx_word' id='word_1_415' title='bbox 529 3282 616 3333; x_wconf 84' lang='lat' dir='ltr'>eis,</span> <span class='ocrx_word' id='word_1_416' title='bbox 637 3284 783 3340; x_wconf 87' lang='lat' dir='ltr'>quasi</span> <span class='ocrx_word' id='word_1_417' title='bbox 803 3297 915 3328; x_wconf 86' lang='lat' dir='ltr'>cum</span> <span class='ocrx_word' id='word_1_418' title='bbox 937 3282 1228 3329; x_wconf 90' lang='lat' dir='ltr'>hominibus</span> 
     </span>
     <span class='ocr_line' id='line_1_43' title="bbox 160 3350 1228 3408; baseline 0.003 -14"><span class='ocrx_word' id='word_1_419' title='bbox 160 3351 355 3402; x_wconf 84' lang='lat' dir='ltr'>ceteris,</span> <span class='ocrx_word' id='word_1_420' title='bbox 391 3350 642 3408; x_wconf 82' lang='lat' dir='ltr'>agendum</span> <span class='ocrx_word' id='word_1_421' title='bbox 677 3357 773 3406; x_wconf 81' lang='lat' dir='ltr'>est3</span> <span class='ocrx_word' id='word_1_422' title='bbox 817 3353 928 3398; x_wconf 91' lang='lat' dir='ltr'>ideo</span> <span class='ocrx_word' id='word_1_423' title='bbox 962 3367 1060 3398; x_wconf 93' lang='lat' dir='ltr'>non</span> <span class='ocrx_word' id='word_1_424' title='bbox 1094 3352 1228 3407; x_wconf 85' lang='lat' dir='ltr'>licet,</span> 
     </span>
     <span class='ocr_line' id='line_1_44' title="bbox 163 3420 1227 3475; baseline 0.005 -12"><span class='ocrx_word' id='word_1_425' title='bbox 163 3433 205 3464; x_wconf 84' lang='lat' dir='ltr'>v.</span> <span class='ocrx_word' id='word_1_426' title='bbox 231 3433 269 3464; x_wconf 87' lang='lat' dir='ltr'>e.</span> <span class='ocrx_word' id='word_1_427' title='bbox 294 3420 396 3466; x_wconf 88' lang='lat' dir='ltr'>filio</span> <span class='ocrx_word' id='word_1_428' title='bbox 421 3420 698 3475; x_wconf 82' lang='lat' dir='ltr'>detrahere,</span> <span class='ocrx_word' id='word_1_429' title='bbox 723 3423 913 3467; x_wconf 90' lang='lat' dir='ltr'>furtum</span> <span class='ocrx_word' id='word_1_430' title='bbox 939 3423 1115 3475; x_wconf 87' lang='lat' dir='ltr'>facere,</span> <span class='ocrx_word' id='word_1_431' title='bbox 1135 3426 1227 3470; x_wconf 91' lang='lat' dir='ltr'>etc.</span> 
     </span>
    </p>

    <p class='ocr_par' dir='ltr' id='par_1_11' title="bbox 159 3491 1230 3689">
     <span class='ocr_line' id='line_1_45' title="bbox 220 3491 1229 3553; baseline 0.005 -19"><span class='ocrx_word' id='word_1_432' title='bbox 220 3491 276 3534; x_wconf 88' lang='lat'>37</span> <span class='ocrx_word' id='word_1_433' title='bbox 311 3491 495 3537; x_wconf 88' lang='lat' dir='ltr'>Bened.</span> <span class='ocrx_word' id='word_1_434' title='bbox 531 3491 654 3538; x_wconf 90' lang='lat' dir='ltr'>XIV.</span> <span class='ocrx_word' id='word_1_435' title='bbox 678 3493 764 3551; x_wconf 90' lang='lat' dir='ltr'>Ep.</span> <span class='ocrx_word' id='word_1_436' title='bbox 799 3494 960 3540; x_wconf 69' lang='lat' dir='ltr'>Probe</span> <span class='ocrx_word' id='word_1_437' title='bbox 994 3499 1053 3549; x_wconf 82' lang='lat' dir='ltr'>te,</span> <span class='ocrx_word' id='word_1_438' title='bbox 1093 3496 1119 3553; x_wconf 63' lang='grc' dir='ltr'>ξ</span> <span class='ocrx_word' id='word_1_439' title='bbox 1155 3495 1229 3539; x_wconf 90' lang='grc'>20.</span> 
     </span>
     <span class='ocr_line' id='line_1_46' title="bbox 159 3561 1230 3621; baseline 0.006 -15"><span class='ocrx_word' id='word_1_440' title='bbox 159 3561 314 3607; x_wconf 90' lang='lat' dir='ltr'>Immo</span> <span class='ocrx_word' id='word_1_441' title='bbox 349 3566 398 3607; x_wconf 88' lang='lat' dir='ltr'>et</span> <span class='ocrx_word' id='word_1_442' title='bbox 422 3575 514 3607; x_wconf 89' lang='lat' dir='ltr'>avo</span> <span class='ocrx_word' id='word_1_443' title='bbox 539 3563 624 3619; x_wconf 91' lang='lat' dir='ltr'>(Id.</span> <span class='ocrx_word' id='word_1_444' title='bbox 651 3563 739 3621; x_wconf 87' lang='lat' dir='ltr'>Ep.</span> <span class='ocrx_word' id='word_1_445' title='bbox 763 3564 1026 3609; x_wconf 81' lang='lat' dir='ltr'>Postremo</span> <span class='ocrx_word' id='word_1_446' title='bbox 1057 3578 1230 3612; x_wconf 82' lang='lat' dir='ltr'>mense</span> 
     </span>
     <span class='ocr_line' id='line_1_47' title="bbox 160 3633 1227 3689; baseline 0.006 -15"><span class='ocrx_word' id='word_1_447' title='bbox 160 3635 188 3684; x_wconf 67' lang='lat' dir='ltr'><strong>g</strong></span> <span class='ocrx_word' id='word_1_448' title='bbox 215 3633 297 3685; x_wconf 82' lang='grc'>16),</span> <span class='ocrx_word' id='word_1_449' title='bbox 322 3636 371 3676; x_wconf 87' lang='lat' dir='ltr'>et</span> <span class='ocrx_word' id='word_1_450' title='bbox 395 3633 535 3677; x_wconf 82' lang='lat' dir='ltr'>aviae</span> <span class='ocrx_word' id='word_1_451' title='bbox 570 3634 677 3689; x_wconf 83' lang='lat' dir='ltr'>(Cit.</span> <span class='ocrx_word' id='word_1_452' title='bbox 709 3633 804 3679; x_wconf 88' lang='lat' dir='ltr'>Lit.</span> <span class='ocrx_word' id='word_1_453' title='bbox 830 3635 988 3680; x_wconf 82' lang='lat' dir='ltr'>Probe</span> <span class='ocrx_word' id='word_1_454' title='bbox 1019 3640 1061 3680; x_wconf 87' lang='lat' dir='ltr'>te</span> <span class='ocrx_word' id='word_1_455' title='bbox 1084 3639 1112 3688; x_wconf 63' lang='grc' dir='ltr'>ξ</span> <span class='ocrx_word' id='word_1_456' title='bbox 1138 3635 1227 3688; x_wconf 90' lang='grc'>21).</span> 
     </span>
    </p>
   </div>
   <div class='ocr_carea' id='block_1_6' title="bbox 222 3703 1282 3762">
    <p class='ocr_par' dir='ltr' id='par_1_12' title="bbox 222 3703 1282 3762">
     <span class='ocr_line' id='line_1_48' title="bbox 222 3703 1282 3762; baseline 0.003 -17"><span class='ocrx_word' id='word_1_457' title='bbox 222 3703 279 3745; x_wconf 88' lang='lat'>38</span> <span class='ocrx_word' id='word_1_458' title='bbox 299 3703 374 3746; x_wconf 84' lang='lat' dir='ltr'>Ex</span> <span class='ocrx_word' id='word_1_459' title='bbox 399 3703 451 3750; x_wconf 88' lang='lat' dir='ltr'>C.</span> <span class='ocrx_word' id='word_1_460' title='bbox 472 3705 499 3745; x_wconf 90' lang='lat'>2</span> <span class='ocrx_word' id='word_1_461' title='bbox 523 3704 596 3747; x_wconf 84' lang='lat' dir='ltr'>De</span> <span class='ocrx_word' id='word_1_462' title='bbox 619 3703 765 3749; x_wconf 84' lang='lat' dir='ltr'>Conv.</span> <span class='ocrx_word' id='word_1_463' title='bbox 791 3706 938 3762; x_wconf 68' lang='lat' dir='ltr'>infici.</span> <span class='ocrx_word' id='word_1_464' title='bbox 964 3705 1078 3749; x_wconf 91' lang='lat' dir='ltr'>Ben.</span> <span class='ocrx_word' id='word_1_465' title='bbox 1098 3705 1225 3749; x_wconf 75' lang='lat' dir='ltr'>Xiv.</span> <span class='ocrx_word' id='word_1_466' title='bbox 1277 3736 1282 3760; x_wconf 75' lang='grc'>,</span> 
     </span>
    </p>
   </div>
   <div class='ocr_carea' id='block_1_7' title="bbox 1331 2642 2465 3266">
    <p class='ocr_par' dir='ltr' id='par_1_13' title="bbox 1335 2642 1483 2700">
     <span class='ocr_line' id='line_1_49' title="bbox 1335 2642 1483 2700; baseline -0.007 -13"><span class='ocrx_word' id='word_1_467' title='bbox 1335 2642 1483 2700; x_wconf 80' lang='lat' dir='ltr'>infid.</span> 
     </span>
    </p>

    <p class='ocr_par' dir='ltr' id='par_1_14' title="bbox 1332 2708 2465 3054">
     <span class='ocr_line' id='line_1_50' title="bbox 1393 2708 2401 2760; baseline -0.001 -4"><span class='ocrx_word' id='word_1_468' title='bbox 1393 2713 1451 2757; x_wconf 83' lang='lat'>42</span> <span class='ocrx_word' id='word_1_469' title='bbox 1484 2713 1538 2760; x_wconf 91' lang='lat' dir='ltr'>C.</span> <span class='ocrx_word' id='word_1_470' title='bbox 1566 2711 1623 2757; x_wconf 90' lang='lat' dir='ltr'>G.</span> <span class='ocrx_word' id='word_1_471' title='bbox 1648 2711 1749 2755; x_wconf 88' lang='lat'>373.</span> <span class='ocrx_word' id='word_1_472' title='bbox 1784 2710 1845 2755; x_wconf 88' lang='lat' dir='ltr'>It.</span> <span class='ocrx_word' id='word_1_473' title='bbox 1877 2709 1981 2756; x_wconf 88' lang='grc'>220.</span> <span class='ocrx_word' id='word_1_474' title='bbox 2015 2708 2112 2755; x_wconf 87' lang='lat' dir='ltr'>Sed</span> <span class='ocrx_word' id='word_1_475' title='bbox 2148 2710 2310 2755; x_wconf 82' lang='lat' dir='ltr'>mater</span> <span class='ocrx_word' id='word_1_476' title='bbox 2342 2722 2401 2755; x_wconf 85' lang='lat' dir='ltr'>ea</span> 
     </span>
     <span class='ocr_line' id='line_1_51' title="bbox 1333 2780 2399 2842; baseline -0.003 -12"><span class='ocrx_word' id='word_1_477' title='bbox 1333 2798 1433 2830; x_wconf 90' lang='lat' dir='ltr'>non</span> <span class='ocrx_word' id='word_1_478' title='bbox 1468 2784 1647 2837; x_wconf 88' lang='lat' dir='ltr'>utitur,</span> <span class='ocrx_word' id='word_1_479' title='bbox 1678 2780 1922 2842; x_wconf 87' lang='lat' dir='ltr'>quamdiu</span> <span class='ocrx_word' id='word_1_480' title='bbox 1960 2794 2018 2827; x_wconf 89' lang='lat' dir='ltr'>ea</span> <span class='ocrx_word' id='word_1_481' title='bbox 2052 2781 2212 2827; x_wconf 86' lang='lat' dir='ltr'>utitur</span> <span class='ocrx_word' id='word_1_482' title='bbox 2239 2787 2399 2840; x_wconf 82' lang='lat' dir='ltr'>pater.</span> 
     </span>
     <span class='ocr_line' id='line_1_52' title="bbox 1333 2851 2399 2913; baseline -0.004 -13"><span class='ocrx_word' id='word_1_483' title='bbox 1333 2855 1527 2913; x_wconf 88' lang='lat' dir='ltr'>(Zacha.</span> <span class='ocrx_word' id='word_1_484' title='bbox 1552 2858 1581 2909; x_wconf 67' lang='grc' dir='ltr'><strong>ἓ</strong></span> <span class='ocrx_word' id='word_1_485' title='bbox 1604 2853 1708 2898; x_wconf 85' lang='grc'>549.</span> <span class='ocrx_word' id='word_1_486' title='bbox 1731 2853 1785 2900; x_wconf 87' lang='lat' dir='ltr'>C.</span> <span class='ocrx_word' id='word_1_487' title='bbox 1808 2852 1867 2897; x_wconf 92' lang='lat' dir='ltr'>It.</span> <span class='ocrx_word' id='word_1_488' title='bbox 1905 2853 1978 2904; x_wconf 83' lang='lat'>46,</span> <span class='ocrx_word' id='word_1_489' title='bbox 2012 2852 2116 2904; x_wconf 87' lang='grc'>220,</span> <span class='ocrx_word' id='word_1_490' title='bbox 2149 2852 2254 2907; x_wconf 86' lang='grc'>330,</span> <span class='ocrx_word' id='word_1_491' title='bbox 2274 2851 2399 2909; x_wconf 88' lang='lat'>331).</span> 
     </span>
     <span class='ocr_line' id='line_1_53' title="bbox 1332 2922 2465 2984; baseline -0.002 -14"><span class='ocrx_word' id='word_1_492' title='bbox 1332 2927 1540 2983; x_wconf 85' lang='lat' dir='ltr'>Quoties</span> <span class='ocrx_word' id='word_1_493' title='bbox 1581 2927 1739 2984; x_wconf 84' lang='lat' dir='ltr'>igitur</span> <span class='ocrx_word' id='word_1_494' title='bbox 1783 2924 1897 2970; x_wconf 89' lang='lat' dir='ltr'>heic</span> <span class='ocrx_word' id='word_1_495' title='bbox 1940 2926 2134 2984; x_wconf 87' lang='lat' dir='ltr'>patrem</span> <span class='ocrx_word' id='word_1_496' title='bbox 2177 2922 2303 2978; x_wconf 84' lang='lat' dir='ltr'>dico,</span> <span class='ocrx_word' id='word_1_497' title='bbox 2336 2934 2399 2968; x_wconf 84' lang='lat' dir='ltr'>ex</span> <span class='ocrx_word' id='word_1_498' title='bbox 2463 2927 2465 2929; x_wconf 83' lang='grc'><strong>’</strong></span> 
     </span>
     <span class='ocr_line' id='line_1_54' title="bbox 1332 2994 2288 3054; baseline -0.004 -11"><span class='ocrx_word' id='word_1_499' title='bbox 1332 2998 1435 3043; x_wconf 85' lang='grc' dir='ltr'>ΝΝ.</span> <span class='ocrx_word' id='word_1_500' title='bbox 1458 2997 1574 3051; x_wconf 89' lang='lat' dir='ltr'>LL.,</span> <span class='ocrx_word' id='word_1_501' title='bbox 1606 2998 1759 3042; x_wconf 87' lang='lat' dir='ltr'>etiam</span> <span class='ocrx_word' id='word_1_502' title='bbox 1797 3000 2008 3041; x_wconf 84' lang='lat' dir='ltr'>matrem</span> <span class='ocrx_word' id='word_1_503' title='bbox 2044 2994 2288 3054; x_wconf 80' lang='lat' dir='ltr'>intelligo.</span> 
     </span>
    </p>

    <p class='ocr_par' dir='ltr' id='par_1_15' title="bbox 1331 3064 2395 3192">
     <span class='ocr_line' id='line_1_55' title="bbox 1392 3064 2395 3127; baseline -0.002 -15"><span class='ocrx_word' id='word_1_504' title='bbox 1392 3068 1449 3112; x_wconf 89' lang='grc'>43</span> <span class='ocrx_word' id='word_1_505' title='bbox 1469 3068 1590 3113; x_wconf 87' lang='lat' dir='ltr'>Inst.</span> <span class='ocrx_word' id='word_1_506' title='bbox 1612 3081 1683 3127; x_wconf 85' lang='lat' dir='ltr'>pr.</span> <span class='ocrx_word' id='word_1_507' title='bbox 1705 3069 1779 3114; x_wconf 88' lang='lat' dir='ltr'>De</span> <span class='ocrx_word' id='word_1_508' title='bbox 1795 3069 1976 3123; x_wconf 82' lang='lat' dir='ltr'>Adopt.</span> <span class='ocrx_word' id='word_1_509' title='bbox 1996 3066 2175 3111; x_wconf 88' lang='lat' dir='ltr'>Zacha.</span> <span class='ocrx_word' id='word_1_510' title='bbox 2197 3065 2230 3111; x_wconf 92' lang='lat' dir='ltr'>l.</span> <span class='ocrx_word' id='word_1_511' title='bbox 2253 3078 2294 3111; x_wconf 86' lang='lat' dir='ltr'>c.</span> <span class='ocrx_word' id='word_1_512' title='bbox 2316 3064 2395 3110; x_wconf 86' lang='lat' dir='ltr'>Ex</span> 
     </span>
     <span class='ocr_line' id='line_1_56' title="bbox 1331 3136 2296 3192; baseline -0.007 -5"><span class='ocrx_word' id='word_1_513' title='bbox 1331 3140 1381 3187; x_wconf 91' lang='lat' dir='ltr'>C.</span> <span class='ocrx_word' id='word_1_514' title='bbox 1412 3139 1471 3184; x_wconf 94' lang='lat' dir='ltr'>It.</span> <span class='ocrx_word' id='word_1_515' title='bbox 1506 3140 1603 3192; x_wconf 90' lang='lat'>181,</span> <span class='ocrx_word' id='word_1_516' title='bbox 1628 3139 1730 3183; x_wconf 89' lang='lat'>220.</span> <span class='ocrx_word' id='word_1_517' title='bbox 1756 3138 1854 3184; x_wconf 88' lang='lat' dir='ltr'>Sed</span> <span class='ocrx_word' id='word_1_518' title='bbox 1881 3136 1933 3181; x_wconf 94' lang='lat' dir='ltr'>V.</span> <span class='ocrx_word' id='word_1_519' title='bbox 1959 3139 2062 3183; x_wconf 84' lang='lat' dir='ltr'>AA.</span> <span class='ocrx_word' id='word_1_520' title='bbox 2096 3137 2172 3189; x_wconf 89' lang='grc'>66,</span> <span class='ocrx_word' id='word_1_521' title='bbox 2201 3136 2296 3180; x_wconf 85' lang='grc'>184.</span> 
     </span>
    </p>

    <p class='ocr_par' dir='ltr' id='par_1_16' title="bbox 1394 3205 2399 3266">
     <span class='ocr_line' id='line_1_57' title="bbox 1394 3205 2399 3266; baseline -0.002 -13"><span class='ocrx_word' id='word_1_522' title='bbox 1394 3211 1450 3253; x_wconf 82' lang='lat'>44</span> <span class='ocrx_word' id='word_1_523' title='bbox 1484 3208 1535 3257; x_wconf 93' lang='lat' dir='ltr'>C.</span> <span class='ocrx_word' id='word_1_524' title='bbox 1561 3209 1620 3253; x_wconf 91' lang='lat' dir='ltr'>It.</span> <span class='ocrx_word' id='word_1_525' title='bbox 1644 3208 1748 3262; x_wconf 89' lang='lat'>220,</span> <span class='ocrx_word' id='word_1_526' title='bbox 1769 3208 1873 3254; x_wconf 87' lang='lat'>231.</span> <span class='ocrx_word' id='word_1_527' title='bbox 1898 3206 2239 3253; x_wconf 85' lang='lat' dir='ltr'>Nihilominus</span> <span class='ocrx_word' id='word_1_528' title='bbox 2263 3205 2399 3266; x_wconf 82' lang='lat' dir='ltr'>patri</span> 
     </span>
    </p>
   </div>
   <div class='ocr_carea' id='block_1_8' title="bbox 1333 3277 2554 3337">
    <p class='ocr_par' dir='ltr' id='par_1_17' title="bbox 1333 3277 2554 3337">
     <span class='ocr_line' id='line_1_58' title="bbox 1333 3277 2554 3337; baseline -0.004 -11"><span class='ocrx_word' id='word_1_529' title='bbox 1333 3280 1567 3326; x_wconf 89' lang='lat' dir='ltr'>morienti</span> <span class='ocrx_word' id='word_1_530' title='bbox 1590 3279 1665 3324; x_wconf 81' lang='lat' dir='ltr'>fas</span> <span class='ocrx_word' id='word_1_531' title='bbox 1689 3282 1767 3324; x_wconf 89' lang='lat' dir='ltr'>est</span> <span class='ocrx_word' id='word_1_532' title='bbox 1790 3278 1939 3324; x_wconf 87' lang='lat' dir='ltr'>matri</span> <span class='ocrx_word' id='word_1_533' title='bbox 1963 3277 2230 3336; x_wconf 88' lang='lat' dir='ltr'>superstiti</span> <span class='ocrx_word' id='word_1_534' title='bbox 2256 3290 2400 3337; x_wconf 84' lang='lat' dir='ltr'>prae·</span> <span class='ocrx_word' id='word_1_535' title='bbox 2479 3335 2481 3337; x_wconf 21' lang='grc' dir='ltr'>Ι</span> <span class='ocrx_word' id='word_1_536' title='bbox 2527 3279 2554 3304; x_wconf 83' lang='grc'>’-</span> 
     </span>
    </p>
   </div>
   <div class='ocr_carea' id='block_1_9' title="bbox 1331 3347 2461 3760">
    <p class='ocr_par' dir='ltr' id='par_1_18' title="bbox 1331 3347 2461 3760">
     <span class='ocr_line' id='line_1_59' title="bbox 1332 3347 2399 3410; baseline -0.005 -13"><span class='ocrx_word' id='word_1_537' title='bbox 1332 3351 1562 3404; x_wconf 87' lang='lat' dir='ltr'>scribere,</span> <span class='ocrx_word' id='word_1_538' title='bbox 1597 3363 1743 3410; x_wconf 82' lang='lat' dir='ltr'>quem</span> <span class='ocrx_word' id='word_1_539' title='bbox 1781 3349 1903 3394; x_wconf 89' lang='lat' dir='ltr'>velit</span> <span class='ocrx_word' id='word_1_540' title='bbox 1938 3349 1987 3394; x_wconf 89' lang='lat' dir='ltr'>in</span> <span class='ocrx_word' id='word_1_541' title='bbox 2022 3349 2241 3394; x_wconf 89' lang='lat' dir='ltr'>filiorum</span> <span class='ocrx_word' id='word_1_542' title='bbox 2276 3347 2399 3398; x_wconf 85' lang='lat' dir='ltr'>edu·</span> 
     </span>
     <span class='ocr_line' id='line_1_60' title="bbox 1331 3418 2398 3474; baseline -0.004 -7"><span class='ocrx_word' id='word_1_543' title='bbox 1331 3423 1542 3474; x_wconf 89' lang='lat' dir='ltr'>catione,</span> <span class='ocrx_word' id='word_1_544' title='bbox 1577 3426 1626 3466; x_wconf 90' lang='lat' dir='ltr'>et</span> <span class='ocrx_word' id='word_1_545' title='bbox 1671 3420 1913 3466; x_wconf 87' lang='lat' dir='ltr'>bonorum</span> <span class='ocrx_word' id='word_1_546' title='bbox 1958 3418 2398 3465; x_wconf 83' lang='lat' dir='ltr'>administratione</span> 
     </span>
     <span class='ocr_line' id='line_1_61' title="bbox 1332 3487 2399 3551; baseline -0.004 -13"><span class='ocrx_word' id='word_1_547' title='bbox 1332 3493 1539 3538; x_wconf 88' lang='lat' dir='ltr'>modum</span> <span class='ocrx_word' id='word_1_548' title='bbox 1573 3492 1764 3538; x_wconf 82' lang='lat' dir='ltr'>servari</span> <span class='ocrx_word' id='word_1_549' title='bbox 1792 3493 1856 3551; x_wconf 84' lang='lat' dir='ltr'>(C.</span> <span class='ocrx_word' id='word_1_550' title='bbox 1882 3491 1943 3537; x_wconf 90' lang='lat' dir='ltr'>lt.</span> <span class='ocrx_word' id='word_1_551' title='bbox 1963 3491 2067 3546; x_wconf 83' lang='lat'>235,</span> <span class='ocrx_word' id='word_1_552' title='bbox 2105 3490 2235 3535; x_wconf 86' lang='lat'>1059.</span> <span class='ocrx_word' id='word_1_553' title='bbox 2259 3487 2320 3535; x_wconf 84' lang='lat' dir='ltr'>V.</span> <span class='ocrx_word' id='word_1_554' title='bbox 2342 3489 2399 3536; x_wconf 87' lang='lat' dir='ltr'>C.</span> 
     </span>
     <span class='ocr_line' id='line_1_62' title="bbox 1332 3565 2326 3690; baseline -0.006 -11"><span class='ocrx_word' id='word_1_555' title='bbox 1332 3565 1724 3687; x_wconf 44' lang='lat' dir='ltr'>G&#39;432931t224,</span> <span class='ocrx_word' id='word_1_556' title='bbox 1743 3632 1848 3690; x_wconf 84' lang='lat'>330,</span> <span class='ocrx_word' id='word_1_557' title='bbox 1866 3632 1975 3687; x_wconf 84' lang='lat'>315;</span> <span class='ocrx_word' id='word_1_558' title='bbox 1995 3631 2052 3676; x_wconf 76' lang='lat' dir='ltr'>v,</span> <span class='ocrx_word' id='word_1_559' title='bbox 2070 3632 2121 3678; x_wconf 83' lang='lat' dir='ltr'>c.</span> <span class='ocrx_word' id='word_1_560' title='bbox 2142 3629 2202 3676; x_wconf 82' lang='lat' dir='ltr'>G.</span> <span class='ocrx_word' id='word_1_561' title='bbox 2222 3630 2326 3674; x_wconf 79' lang='lat'>346.</span> 
     </span>
     <span class='ocr_line' id='line_1_63' title="bbox 1392 3699 2461 3760; baseline -0.006 -11"><span class='ocrx_word' id='word_1_562' title='bbox 1392 3707 1449 3749; x_wconf 87' lang='grc'>46</span> <span class='ocrx_word' id='word_1_563' title='bbox 1472 3705 1568 3749; x_wconf 94' lang='lat' dir='ltr'>LL.</span> <span class='ocrx_word' id='word_1_564' title='bbox 1592 3705 1634 3760; x_wconf 93' lang='lat'>2,</span> <span class='ocrx_word' id='word_1_565' title='bbox 1657 3704 1698 3749; x_wconf 90' lang='lat'>3.</span> <span class='ocrx_word' id='word_1_566' title='bbox 1727 3705 1798 3750; x_wconf 84' lang='lat' dir='ltr'>De</span> <span class='ocrx_word' id='word_1_567' title='bbox 1821 3706 1943 3749; x_wconf 73' lang='lat' dir='ltr'>Ritu</span> <span class='ocrx_word' id='word_1_568' title='bbox 1966 3705 2111 3758; x_wconf 79' lang='lat' dir='ltr'>nupt.</span> <span class='ocrx_word' id='word_1_569' title='bbox 2136 3701 2190 3748; x_wconf 88' lang='lat' dir='ltr'>C.</span> <span class='ocrx_word' id='word_1_570' title='bbox 2213 3699 2271 3746; x_wconf 89' lang='lat' dir='ltr'>G.</span> <span class='ocrx_word' id='word_1_571' title='bbox 2300 3699 2397 3755; x_wconf 87' lang='lat'>142,</span> <span class='ocrx_word' id='word_1_572' title='bbox 2455 3717 2461 3720; x_wconf 92' lang='lat'>·</span> 
     </span>
    </p>
   </div>
  </div>
 </body>
</html>
