2548 4042
1931 0 2255 59 sssfffflssgffi”

98 12 204 71 236
517 32 643 70 rans
676 30 832 71 mun
853 42 879 57 -
899 26 1319 72 »ammoniu-
1289 29 1514 73 Umor
1532 21 1606 73 111
1622 23 1701 81 b!
1716 0 1957 103 nebus
1984 29 2049 86 32⁵*

100 115 196 180 sit,
226 118 420 171 utrum
451 114 816 171 consuetudo
848 128 1059 171 revera
1097 114 1439 181 obtinuerit.
1470 116 1616 174 haec
1645 132 1758 186 non
1795 118 2055 194 obligat;
2067 119 2181 177 sin
2219 95 2363 194 qut>
2365 88 2431 194 ³¹}-
2488 162 2507 205 ;

102 205 299 259 animo
340 204 519 259 suerit
561 205 913 270 introducta,
941 205 1263 261 tenendum
1304 209 1399 262 est
1439 205 1833 264 introductam
1873 208 2052 267 fuisse
2093 226 2224 266 cum
2254 206 2362 268 in·
2406 205 2494 277 {³⁴

104 293 371 349 tentione
401 294 721 362 obligandi,
750 294 797 349 si
829 297 1170 351 constanter
1207 297 1520 363 observata
1560 299 1718 352 retro
1756 297 1956 367 suerit,
1982 301 2044 356 et
2083 315 2216 356 cum
2257 299 2342 356 in-

104 384 399 438 commodo
430 386 600 453 gravi
629 382 765 456 (18).

174 473 301 528 247.
335 474 665 527 Consuetudo
705 477 924 544 leyitime
964 477 1164 530 invecta
1195 493 1294 546 pro
1332 478 1437 546 loys
1475 494 1577 531 non
1602 480 1859 532 immerito
1883 480 2178 534 custoditur
2204 478 2335 552 (19),

96 562 233 617 Ideo
271 563 497 632 obligat
525 564 583 618 in
629 580 690 619 re
721 565 833 618 levi
866 566 973 620 sub
1006 566 1141 628 levi,
1175 566 1230 620 in
1265 582 1327 621 re
1357 567 1527 635 gravi
1569 568 1677 622 sub
1718 568 1921 636 gravi:
1952 574 2011 624 et
2040 571 2085 624 si
2122 585 2336 639 poenas

99 653 509 715 introduxerit,
530 655 622 709 vel
650 652 1074 718 inhabilitates,
1097 658 1187 711 vel
1216 657 1540 719 nullitates,
1563 659 1707 712 haec
1730 673 1960 729 quoque
1979 662 2188 715 tenent
2204 658 2334 733 (20).

94 742 487 798 Nihilominus
516 743 573 798 in
604 744 779 799 dubio
821 749 1017 801 utrum
1058 745 1284 815 obliget
1326 748 1434 801 sub
1477 747 1667 814 gravi,
1696 763 1770 802 an
1813 749 1921 803 sub
1964 748 2107 813 levi;
2139 751 2337 806 utrum
2376 809 2377 812 ,

96 849 316 904 poenas
355 850 606 905 quoque,
637 840 746 890 etc.
778 851 974 892 secum
1007 837 1175 899 serat,
1207 838 1358 907 quod
1393 837 1713 897 minimum,
1740 840 1828 892 est
1868 838 2170 908 sequimur
2199 837 2334 912 (21).

97 924 191 980 Uti
220 929 418 980 autem
451 925 564 986 lex,
591 925 671 979 ita
701 930 763 980 et
791 928 1155 981 consuetudo
1183 927 1391 997 recipit
1418 926 1628 998 (ajunt)
1658 927 2203 997 interpretationem
2233 942 2340 984 seu

98 1015 517 1078 restrictivam,
540 1030 644 1070 seu
669 1017 1053 1077 extensivam,
1071 1018 1170 1071 sed
1193 1018 1340 1072 lianc
1362 1017 1670 1071 admodum
1694 1031 1824 1071 raro
1849 1015 1980 1088 (22).
2002 1014 2077 1072 Et
2099 1033 2339 1075 consue·

95 1106 240 1160 tudo
278 1105 554 1175 specialis
594 1107 840 1175 derogat
885 1106 1222 1169 universali,
1268 1106 1349 1161 uti
1395 1107 1489 1162 lex
1529 1105 1661 1176 (23).
1702 1107 1948 1162 Tollitur
1974 1112 2175 1163 autem
2205 1123 2340 1164 con·

94 1196 284 1251 traria
305 1196 751 1258 consuetudine,
775 1198 880 1251 aut
907 1198 1059 1265 lege.
1081 1195 1352 1252 Ceterum
1377 1197 1515 1267 quia
1544 1196 2002 1252 consuetudines
2029 1198 2338 1267 particula-

97 1301 194 1340 res
216 1288 354 1340 sunt
381 1285 604 1355 aliquid
636 1286 793 1349 facti,
823 1287 975 1356 quod
1004 1287 1312 1355 legislator
1342 1287 1736 1356 praesumitur
1759 1288 2030 1356 ignorare
2052 1286 2183 1360 (24),
2207 1303 2335 1343 con·

98 1375 283 1430 traria
305 1376 392 1429 eis
415 1374 551 1443 lege
574 1375 921 1443 derogatum
952 1390 1063 1429 non
1091 1375 1463 1443 intelligitur,
1489 1376 1597 1430 nisi
1633 1377 1777 1430 haec
1805 1378 2089 1432 adnexam
2122 1379 2335 1435 habeat

97 1481 228 1520 eam
272 1465 593 1520 clausulam
637 1484 667 1517 «
706 1483 807 1518 non
848 1462 1074 1519 obstante
1111 1482 1431 1535 quacumque
1457 1468 1724 1520 contraria
1751 1469 2134 1533 consuetudine,
2167 1484 2231 1522 »z
2275 1469 2338 1524 et

98 1556 144 1611 si
176 1557 537 1610 consuetudo
567 1557 817 1610 excedat
848 1555 1182 1608 memoriam
1215 1555 1528 1617 hominum,
1573 1557 1740 1619 hanc,
1774 1577 1801 1604 α
1831 1574 1933 1610 non
1962 1559 2185 1612 obstante
2208 1574 2339 1628 qua-

96 1662 314 1714 cumque
339 1647 708 1699 consuetudine
735 1648 887 1699 etiam
927 1642 1322 1699 immemorabili
1348 1646 1480 1716 (25).
1514 1664 1543 1698 >›

980 1899 1076 1955 ΑΡ
1086 1899 1355 1953 PENDIX
1386 1902 1455 1955 ΙΙ.

913 2036 999 2076 DE
1059 2035 1525 2077 PRAECEPTIS.

172 2188 300 2242 248.
321 2184 711 2256 Praeceptum
741 2188 830 2242 est
847 2187 1064 2254 jussum
1092 2188 1317 2256 sinyulis
1344 2188 1542 2240 datum.
1567 2188 1631 2241 In
1663 2187 1864 2243 multis
1887 2203 2018 2243 cum
2050 2188 2182 2257 lege
2205 2203 2342 2243 con-

98 2279 282 2342 venit,
314 2278 369 2331 in
401 2277 601 2332 multis
629 2277 842 2330 differt.
872 2275 1157 2331 Convenit
1196 2292 1327 2331 cum
1360 2278 1556 2346 primis
1586 2294 1702 2347 qua
1719 2279 1934 2345 jussum
1966 2282 2071 2340 est,
2099 2294 2233 2333 nam
2261 2280 2336 2334 ab
2534 2294 2548 2330 2

97 2369 189 2424 his
216 2372 447 2423 tantum
477 2368 600 2422 dari
633 2370 821 2437 potest
851 2367 948 2437 qui
971 2366 1218 2436 jubendi
1246 2371 1595 2437 potestatem
1627 2369 1861 2432 habent,
1886 2383 1992 2423 seu
2026 2369 2333 2438 publicam,
2531 2342 2548 2453 ξ

160 2589 214 2634 18
246 2588 306 2635 V.
338 2588 547 2635 Salmat.
581 2588 666 2642 XI,
692 2589 733 2641 6,
769 2589 842 2634 30.
878 2587 927 2633 S.
954 2587 1165 2648 Alph.1,

99 2662 198 2707 107.
221 2661 288 2706 Ut
319 2674 432 2706 0000
466 2660 775 2706 abstinentia
804 2659 865 2705 ab
898 2673 985 2703 esu
1022 2660 1164 2704 lacti-

93 2732 344 2778 ciniorum
368 2736 418 2776 et
441 2744 647 2776 ovorum
673 2730 852 2775 diebus
877 2735 1019 2775 extra
1042 2743 1164 2789 qua-

1266 2590 1579 2648 promiscue:
1612 2589 1706 2634 hoc
1740 2590 1975 2648 primum.
2015 2587 2209 2634 Deinde
2250 2588 2339 2634 vix

1266 2660 1496 2718 intelligo
1528 2658 1955 2720 quemadmodum
1994 2658 2104 2705 heic
2129 2671 2337 2705 consue-

1269 2731 1389 2776 tudo
1425 2745 1535 2776 cum
1580 2732 1688 2791 lege
1732 2731 1963 2790 componi
2009 2732 2186 2789 possit,
2220 2741 2335 2776 cum
2535 2749 2548 2780 2·

97 2804 438 2862 dragesimam
466 2803 657 2863 iejunio
690 2803 1011 2847 consecratis.

164 2875 217 2918 19
247 2873 303 2920 L.
335 2874 393 2918 32
426 2875 502 2920 De
537 2875 700 2930 Leyz'b.
736 2872 884 2925 idest,
914 2885 1013 2929 pro
1038 2875 1164 2929 jure

102 2951 150 2992 et
182 2948 289 3002 leye
330 2951 405 2992 est
435 2944 551 3002 (LL.
599 2946 671 2998 33,
705 2945 763 2989 38
798 2946 923 2990 Eod.
965 2945 1018 2989 L.
1058 2946 1072 2988 1
1110 2945 1162 2991 C.

107 3018 250 3066 Quae
280 3020 364 3062 sit.
401 3019 499 3062 lon.
532 3017 700 3074 cona).

161 3089 218 3130 20
243 3090 312 3132 Ex
337 3089 390 3135 C.
414 3089 440 3132 3
465 3090 539 3135 De
571 3091 780 3143 Coynac.
810 3088 940 3143 Spir.
962 3087 1015 3134 C.
1038 3086 1067 3130 6
1093 3087 1167 3132 De

109 3158 285 3205 Clere‘c.
332 3162 533 3215 conjuy.
579 3158 940 3212 Nihilominus,
994 3162 1165 3202 utrum

99 3242 341 3274 censuras
363 3230 680 3274 introducere
709 3230 887 3288 possit,
910 3242 1008 3273 non
1037 3229 1166 3275 satis

97 3300 364 3353 c(nvenit;
413 3300 813 3358 irregularitates
857 3313 956 3344 non
1002 3313 1168 3359 posse,

101 3370 272 3415 verius
305 3374 405 3414 est:
440 3370 527 3415 sed
562 3370 621 3414 de
659 3370 740 3415 his
776 3371 916 3416 alias.

160 3441 211 3484 21
242 3440 297 3486 V.
315 3440 460 3487 Suar.
478 3439 583 3492 VII,
609 3442 672 3483 16.
701 3441 851 3487 Salm.
872 3445 922 3487 et
946 3441 994 3487 S.
1015 3440 1166 3500 Alph.

99 3511 151 3557 ll.
184 3525 252 3557 cc.

161 3582 219 3625 22
238 3583 380 3628 Suar.
399 3580 507 3634 VII,
526 3581 595 3634 16,
624 3580 697 3637 14;
726 3583 792 3634 19,
813 3582 980 3627 28.1ta
997 3582 1168 3628 Nostri

101 3653 319 3712 quidem,
355 3651 443 3698 sed
475 3651 527 3696 hi
561 3651 620 3696 de
655 3653 1023 3696 consuetudine
1058 3658 1167 3697 tum

97 3727 310 3780 praeter
327 3726 507 3780 legem,
518 3726 571 3767 tu
582 3735 627 3767 m
641 3727 824 3767 eontra
837 3724 995 3778 zeqem
1010 3726 1169 3781 agunt

1268 2801 1356 2847 illa
1374 2816 1434 2846 ex
1457 2807 1619 2847 mente
1643 2802 1961 2861 legislatoris,
1980 2800 2103 2846 haec
2122 2813 2183 2846 ex
2203 2801 2334 2847 sacto

1267 2877 1316 2917 et
1335 2874 1550 2932 receptis
1572 2872 1795 2918 moribus
1815 2873 2148 2932 interpretari,
2167 2871 2333 2918 metiri

1267 2943 1457 2989 debeat.
1484 2942 1582 2989 Nec
1606 2943 1809 2989 demum
1835 2943 2062 3001 intelligo
2085 2941 2336 3002 quomodo

1269 3023 1583 3064 extensivam
1616 3018 2082 3077 interpretationem
2118 3019 2336 3076 recipere

1267 3091 1432 3151 possit
1474 3088 1787 3136 consuetudo
1825 3102 1916 3134 seu
1954 3097 2126 3134 contra
2158 3087 2337 3147 legem,

1269 3162 1516 3222 quaejuri
1543 3161 1775 3220 derogat;
1813 3173 1903 3206 seu
1930 3164 2127 3218 praeter
2158 3158 2336 3217 legem,

1269 3248 1397 3294 quae
1441 3236 1575 3278 certo
1614 3245 1812 3291 semper
1855 3244 1911 3276 ac
1954 3229 2163 3276 definito
2206 3229 2338 3275 facto

1271 3305 1441 3363 aliquo
1476 3304 1777 3355 continetur,
1811 3315 1870 3347 ex
1906 3312 2004 3361 quo
2037 3301 2257 3346 metitur.

1333 3376 1390 3419 23
1423 3375 1499 3420 Ex
1533 3374 1587 3422 C.
1621 3374 1678 3418 34
1711 3374 1787 3420 De
1810 3375 1868 3418 R.
1891 3370 1935 3416 J.
1961 3372 2011 3417 in
2044 3371 2108 3416 6⁰.
2134 3370 2275 3417 Reiff.
2301 3369 2338 3424 1,

1275 3448 1357 3501 IV,
1399 3447 1465 3491 16.

1335 3521 1393 3563 24
1428 3520 1480 3566 C.
1523 3519 1537 3561 1
1579 3518 1652 3562 De
1691 3517 1855 3562 Con-st.
1888 3516 1940 3560 in
1963 3515 2027 3559 6⁰.

1333 3591 1393 3636 ⁶25
1426 3590 1572 3636 Suar.
1606 3587 1711 3638 VII,
1736 3587 1808 3641 20,
1838 3588 1904 3631 18.
1929 3584 2070 3631 Reiff.
2103 3586 2140 3636 l,
2168 3583 2211 3637 4,
2239 3581 2337 3626 189.

1275 3662 1323 3708 S.
1353 3661 1408 3708 C.
1432 3662 1484 3708 C.
1510 3673 1596 3717 ap.
1624 3662 1784 3715 F'ayn.
1808 3659 1865 3703 in
1893 3657 1940 3702 C.
1964 3658 2038 3700 Ad
2060 3657 2184 3700 haec
2209 3665 2256 3697 n.
2279 3651 2339 3696 34

1274 3735 1349 3779 De
1383 3734 1536 3788 Recio.
1571 3730 1767 3775 Domib.
