2548 4042
92 18 94 21 ’
137 18 244 87 390

378 36 505 74 uns
539 34 689 76 ram
715 47 744 60 -
767 8 1137 74 mouentum
1158 44 1184 60 ·
1204 32 1378 72 mer.
1401 20 1556 77 vain
1587 15 1762 73 retnis
1792 14 1861 98 jua-
1906 39 1915 61 ι
1943 14 2070 64 ⁴077>
2105 7 2129 60 ‘s'
2344 58 2355 61 -
2388 44 2407 111 ¹:

615 235 1049 278 SUSPENSIONES
1090 237 1142 275 L.
1186 236 1234 275 S·
1277 234 1334 275 R.
1378 236 1429 275 P.
1461 233 1888 286 RESERVATAE.

210 389 337 443 395.
367 406 395 438 «
433 386 483 442 l⁰
509 386 959 455 suspensionem
1002 384 1123 455 ipso
1164 384 1315 439 facto
1356 383 1666 438 incurrunt
1693 398 1729 438 a
1769 398 2005 439 suorum
2047 382 2364 439 beneficio·

136 499 169 529 «
205 494 329 532 rum
371 477 744 547 perceptione
783 476 855 530 ad
887 474 1322 545 beneplacitum
1351 473 1401 528 S.
1433 473 1595 529 Sedis
1622 471 1890 542 Capitula
1926 477 1985 530 et
2025 470 2369 529 Conventus

139 590 168 620 «
204 568 594 623 Ecclesiarum
622 570 682 620 et
712 564 1209 626 Monasteriornm‚
1241 563 1462 634 aliique
1503 578 1703 618 omnes
1742 563 1840 633 qui
1882 563 1955 619 ad
1999 563 2229 623 illarum
2257 576 2366 618 seu
2407 596 2410 628 ·.
2444 579 2461 594 ²

139 679 170 711 «ι
204 658 428 713 illorum
470 657 733 726 regimen
778 659 838 710 et
876 653 1443 708 administrationem
1473 653 1766 723 recipiunt
1795 652 2101 723 Episcopos
2141 651 2369 707 aliosve

137 770 166 800 «
200 749 498 804 Praelatos
537 748 609 802 de
655 745 967 815 praedictis
1007 742 1286 798 Ecclesiis
1334 758 1438 798 seu
1487 742 1855 797 monasteriis
1896 741 2050 811 apud
2100 741 2367 797 eamdem

136 858 167 889 «
198 838 251 893 S.
281 839 486 893 Sedem
517 837 723 907 quovis
753 836 914 889 modo
959 834 1214 903 provisos
1243 836 1563 903 antequam
1606 833 1712 902 ipsi
1756 829 2131 886 exhibuerint
2161 830 2367 886 literas

139 948 171 979 ι(
203 928 566 999 Apostolicas
594 928 665 982 de
694 942 801 981 sua
832 925 1187 996 promotione
1220 922 1316 997 (l).
1346 922 1417 978 2⁰.
1448 923 1895 993 Suspensionem
1931 938 2033 993 per
2054 920 2375 977 triennium

146 1165 428 1211 auctoris...
462 1165 555 1208 sub
597 1174 768 1219 poena
802 1161 1158 1207 anathematis
1187 1183 1210 1194 -

143 1233 323 1281 Libros
344 1258 366 1268 -
387 1236 448 1280 de
464 1235 615 1280 rebus
634 1233 803 1278 sacris
819 1256 839 1266 -
859 1232 1080 1292 accipere
1099 1230 1211 1276 heic

146 1305 387 1352 debemus
411 1306 607 1354 Sacrae
635 1306 935 1361 scripturae
958 1303 1126 1356 libros,
1150 1302 1210 1348 de

145 1378 229 1423 his
263 1376 395 1422 enim
421 1379 618 1421 tantum
645 1376 812 1434 agitur
844 1375 895 1419 in
929 1375 1014 1420 cit.
1045 1373 1210 1427 Decr.;

147 1460 419 1507 eorumque
449 1449 809 1492 adnotationes
833 1450 882 1492 et
905 1450 1213 1493 commenta-

142 1521 254 1565 rios
270 1517 338 1575 (S.
358 1517 414 1563 U.
430 1517 469 1564 1.
487 1518 546 1561 22
565 1516 853 1568 Dec.1880):
880 1520 929 1561 et
952 1516 1024 1561 ita
1045 1516 1209 1561 omnis

142 1589 364 1650 denique
397 1590 736 1635 controversia
768 1587 915 1633 finita
947 1589 1038 1632 est.

202 1660 297 1707 His
321 1659 582 1706 addendae
605 1663 726 1705 sunt
760 1671 821 1704 ex
855 1657 1079 1707 Concilio
1103 1657 1208 1702 Tri-

152 1731 358 1778 dentino
393 1730 635 1791 (demptis
675 1730 754 1776 his
793 1742 921 1790 quae
960 1727 1211 1775 obsoleve-

153 1805 283 1857 rant,
315 1807 369 1849 et
412 1803 493 1848 his
533 1814 662 1863 quae
699 1802 751 1846 in
794 1802 963 1849 Const.
1000 1802 1086 1858 Ap.
1128 1798 1209 1845 Se-

149 1877 235 1922 dis
266 1873 541 1920 translatae
573 1876 697 1919 sunt
728 1875 758 1926 ἓ
791 1873 895 1928 389,
927 1873 1021 1926 110;
1054 1875 1081 1926 5
1106 1870 1211 1924 390,

146 1946 217 2003 3⁰,
248 1946 312 1999 60,
339 1947 419 2002 80),
444 1943 992 1991 excommunicationes
1023 1941 1207 2003 quibus

148 2020 463 2066 coercentur:
502 2017 556 2061 1⁰.
577 2017 672 2073 Qui
707 2015 922 2074 adigunt
946 2015 1095 2068 viros,
1122 2018 1210 2060 aut

146 2087 388 2135 mulieres
430 2087 811 2133 matrimonium
854 2086 1041 2132 invitos
1087 2099 1205 2132 con-

143 2158 346 2206 trahere
379 2157 535 2209 (Sese.
566 2157 747 2210 XXIV,
775 2157 830 2204 R.
857 2158 917 2202 M.
942 2158 1004 2213 9).
1029 2157 1091 2203 2⁰.
1116 2156 1212 2203 Ra-

150 2233 321 2291 ptores
370 2230 653 2283 mulierum,
702 2229 875 2288 eisque
924 2228 1207 2284 consilium,

151 2301 416 2354 auxilium,
442 2299 520 2345 vel
543 2299 763 2346 favorem
796 2298 1091 2359 praebentes
1122 2298 1210 2357 (Ib.

149 2373 269 2432 Cap.
301 2372 362 2426 6).
398 2371 463 2415 3⁰.
492 2370 591 2416 Eos
625 2370 711 2430 qui
749 2370 986 2416 mulieres
1022 2373 1212 2429 cogunt

146 2442 515 2488 monasterium
564 2441 776 2500 ingredi,
830 2445 919 2486 aut
966 2440 1211 2487 solemnia

148 2515 267 2559 vota
284 2526 452 2559 nuncu
459 2526 597 2572 pare;
611 2514 797 2572 quique
814 2511 896 2557 his
914 2515 1211 2567 consilium,

150 2585 447 2638 auxilium,
503 2583 771 2641 favorem,
826 2587 1203 2641 praesentiam,

147 2666 471 2707 consensum,
507 2657 872 2701 auctoritatem
901 2655 1212 2715 interposue-

149 2726 272 2772 rint:
310 2725 403 2780 vel,
447 2730 634 2779 contra,
680 2739 851 2771 earum
892 2729 1211 2774 voluntatem

149 2800 253 2845 veli
274 2799 576 2855 accipiendi,
595 2799 675 2844 vel
693 2800 796 2842 voti
816 2800 1079 2845 emittendi
1096 2810 1215 2856 quo-

147 2881 246 2927 quo
277 2872 426 2914 modo
458 2871 567 2913 sine
582 2870 738 2924 justa
773 2882 939 2914 eausa
974 2871 1213 2926 impedie-

144 2942 259 2985 rint
289 2937 440 2993 (Sess.
475 2938 628 2994 XXV,
661 2941 735 2985 De
757 2940 875 2996 Rey.
915 2941 1000 2996 18).
1028 2942 1092 2987 4⁰.
1114 2940 1211 2996 Qui

146 3013 346 3065 docere,
377 3014 711 3068 praedicare,
759 3013 837 3059 vel
866 3013 1213 3068 pertinaciter

146 3094 385 3128 asserere
410 3095 502 3129 seu
535 3084 693 3129 etiam
715 3084 916 3139 publice
939 3084 1213 3140 disputare

148 3151 423 3209 defendere
458 3155 924 3209 praesumpserint,
971 3154 1213 3199 existenti

150 3223 205 3268 in
237 3222 392 3276 letali,
419 3225 461 3267 si
487 3222 863 3269 Eucharistiam
892 3226 1109 3283 recipere
1136 3238 1212 3269 ve-

150 3293 225 3347 lit,
240 3306 338 3338 non
358 3306 467 3338 esse
487 3294 851 3339 confessionem
871 3296 1211 3340 necessariam

153 3363 307 3419 (Sess.
335 3363 448 3408 x111
473 3367 545 3410 De
577 3366 728 3410 Euch.
765 3366 886 3412 Can.
917 3367 1000 3422 ll).
1030 3367 1093 3411 5⁰.
1119 3367 1213 3423 Qui

153 3435 404 3481 affirmant
446 3436 765 3481 matrimonia
799 3451 826 3481 a
867 3436 1212 3482 filiisfamilias

152 3507 263 3551 sine
315 3509 581 3565 parentum
636 3519 885 3552 consensu
941 3511 1213 3562 contracta,

155 3577 298 3622 irrita
330 3590 460 3629 esse,
499 3581 549 3621 et
592 3582 826 3636 parentes
870 3593 928 3623 ea
970 3582 1092 3630 rata,
1137 3579 1214 3624 vel

151 3649 299 3693 irrita
338 3647 497 3694 facere
542 3661 691 3707 posse
726 3650 879 3704 (Sess.
925 3649 1103 3703 XXIV,
1143 3652 1216 3695 De

146 3719 214 3764 R.
246 3721 310 3765 Μ.
351 3721 406 3776 1).
441 3722 513 3766 Ac
554 3720 756 3766 demum
783 3720 846 3764 60.
885 3723 1214 3780 magistratus

1311 1160 1609 1215 saeculareS,
1635 1161 1722 1221 qui
1743 1159 2008 1220 Episcopis
2032 1158 2280 1205 auxilium
2303 1157 2372 1205 ad

1311 1230 1553 1277 tuendam
1586 1231 1875 1278 clausuram
1912 1229 2205 1276 monialium
2229 1242 2368 1290 prae-

1311 1303 1423 1349 bere
1443 1307 1680 1349 recusant
1699 1302 1848 1356 (Sese.
1871 1301 2042 1357 XXIV,
2069 1304 2140 1349 De
2163 1304 2274 1360 Rea.
2295 1301 2366 1353 5⁸3

1310 1373 1444 1434 quod
1483 1377 1652 1420 tamen
1692 1380 1834 1420 extra
1866 1373 2117 1419 Ditionem
2154 1371 2371 1419 Pontifi-

1310 1445 1475 1491 ficiam
1501 1446 1584 1490 vix
1610 1444 1833 1504 amplius
1856 1443 2062 1494 obtinet.
2085 1447 2175 1489 aut
2197 1455 2260 1489 ne
2281 1443 2374 1489 vix.

1310 1515 1529 1576 quidem.
1581 1515 2141 1560 Excommunicationes
2183 1512 2375 1575 hujus·

1312 1587 1445 1633 modi
1480 1586 1608 1632 nulli
1641 1593 1765 1632 sunt
1798 1589 2099 1632 reservatae.

1377 1660 1393 1702 l
1432 1659 1570 1704 Extr.
1603 1659 1613 1701 1
1649 1658 1836 1704 Comm.
1864 1658 1938 1705 De
1964 1658 2118 1704 Elect.
2142 1655 2247 1703 Hae
2279 1668 2375 1702 su·

1311 1732 1578 1791 spensione
1611 1743 1850 1776 cavemur
1883 1729 1944 1775 ab
1969 1728 2184 1774 intrusis
2211 1752 2233 1763 -
2255 1727 2374 1785 Epi·

1310 1814 1506 1858 scopos,
1521 1802 1640 1862 quia
1665 1814 1925 1847 versamur
1947 1801 1997 1847 in
2021 1799 2227 1855 odiosis,
2248 1797 2373 1846 acci-

1310 1886 1425 1933 pere
1459 1872 1699 1918 debemus
1723 1874 2064 1919 consecratos:
2093 1870 2380 1930 Praelata-r

1313 1957 1396 1990 eos
1414 1944 1501 2003 qui
1523 1943 1711 2003 pollent
1722 1942 2074 2003 jurisdictione
2097 1938 2374 2001 episcopali

1313 2014 1529 2073 (Berard.
1556 2016 1599 2061 I.
1624 2017 1680 2061 E.
1705 2016 1755 2061 U.
1779 2015 1861 2061 To.
1886 2014 1920 2060 1.
1945 2013 2065 2061 Diss
2102 2013 2155 2066 V,
2175 2013 2295 2074 Cap.
2330 2014 2375 2067 3,

1315 2091 1434 2147 p1·.);
1469 2089 1713 2144 provisos
1744 2099 1828 2132 eos
1862 2085 1948 2146 qui
1983 2099 2012 2131 a
2045 2085 2091 2131 S.
2126 2083 2254 2132 Sede
2296 2083 2376 2131 vel

1314 2158 1542 2218 promoti,
1565 2157 1642 2203 vel
1661 2157 1945 2203 confirmat-i
1963 2156 2150 2202 fuerint
2173 2155 2269 2214 (Ex
2286 2154 2371 2202 cit.

1313 2229 1455 2275 Extr.
1477 2229 1535 2284 1).
1551 2230 1794 2285 Recipere
1816 2231 1984 2274 autem
2008 2230 2101 2279 est,
2124 2227 2375 2287 excipere,

1317 2299 1735 2359 admitterequasi
1749 2298 2024 2359 Episcopos
2039 2323 2058 2333 ·
2079 2296 2335 2344 Praelatos
2353 2321 2379 2333 ·

1316 2371 1550 2418 Provisos
1576 2397 1596 2407 -
1623 2374 1729 2431 Age
1752 2384 1908 2416 nunc:
1943 2370 2037 2415 hac
2068 2382 2230 2430 poena
2251 2367 2374 2414 olim

1317 2442 1671 2489 coercebantur
1703 2442 1907 2502 ipsimet
1939 2441 2190 2500 Episcopi,
2233 2438 2376 2486 Prae-

1316 2513 1422 2568 lati,
1443 2514 1657 2568 Provisi;
1678 2512 1826 2559 hodie
1849 2512 1902 2558 hi
1926 2515 2123 2559 tantum
2151 2510 2239 2572 qui
2261 2508 2382 2556 illos

1316 2585 1591 2645 recipiunt;
1625 2582 1758 2630 idest
1787 2584 2054 2642 Capuam,
2089 2584 2383 2629 Conventus

1315 2657 1697 2709 Ecclesiarum,·
1751 2658 1947 2714 aliique
1998 2666 2194 2707 omnes,
2244 2651 2387 2699 idest

1317 2727 1402 2772 alii
1434 2741 1623 2779 omnes,
1652 2730 1849 2786 praeter
1882 2724 2133 2785 capitula,
2166 2727 2219 2770 et
2250 2723 2376 2772 Con·

1318 2802 1516 2853 ventuS,
1563 2812 1662 2844 non
1706 2811 1877 2843 omnes
1922 2796 2125 2857 quidem
2169 2807 2383 2854 prorsus

1317 2868 1469 2928 (quod
1487 2872 1564 2913 est
1581 2882 1786 2927 prorsus
1807 2866 2131 2923 incredibile),
2150 2864 2238 2912 sed
2255 2854 2383 2926 quo'·

1317 2952 1430 2984 rum
1464 2942 1543 2983 est
1574 2939 1688 2984 illos
1722 2939 2010 2989 admittere;
2041 2940 2100 2983 ut
2130 2940 2256 2996 puta
2277 2934 2382 2982 Ma·

1314 3010 1562 3070 gistratus
1596 3009 1788 3064 civiles,
1815 3009 2000 3069 quibus
2028 3006 2276 3054 incumbit
2294 3006 2379 3053 vel

1315 3082 1688 3140 possessionem
1733 3080 1973 3126 bonorum
2023 3077 2402 3139 temporaliumv

1315 3153 1388 3197 eis
1436 3150 1648 3204 tradere,
1694 3152 1771 3198 vel
1809 3152 2025 3208 Reyium
2071 3152 2375 3207 exequatur,

1317 3226 1405 3268 aut
1414 3227 1607 3280 placet,
1622 3223 1878 3283 expedire3
1901 3222 1984 3267 ubi
2003 3221 2125 3267 haec
2146 3220 2382 3267 obtinent.

1317 3293 1363 3340 S.
1385 3294 1511 3340 Sede
1545 3294 1906 3348 consentiente,
1940 3293 2017 3338 vel
2048 3291 2308 3338 tolerante.

1376 3365 1552 3424 Itaque
1572 3365 1623 3410 hi
1647 3364 2029 3424 suspenduntur
2051 3377 2083 3424 a
2099 3364 2379 3420 perceptio-

1317 3449 1382 3482 ne
1398 3449 1613 3481 suorum
1632 3436 1992 3495 beneficiorum
2009 3458 2030 3469 -
2047 3437 2089 3478 A
2103 3434 2380 3490 perceptio-

1318 3519 1398 3560 ne,
1422 3519 1598 3567 nempe
1631 3506 1905 3561 fructuum,
1938 3518 2052 3551 nam
2087 3505 2139 3549 hi
2173 3507 2381 3554 tantum

1312 3581 1516 3635 percipi
1549 3579 1739 3638 injure
1779 3577 2033 3633 dicuntum
2072 3579 2121 3621 et
2158 3576 2381 3636 percepti

1319 3649 1677 3708 intelliguntur
1708 3649 1883 3693 statim
1917 3661 1974 3693 ac
2013 3647 2233 3707 separati
2265 3645 2375 3692 fue·

1321 3722 1422 3766 rint
1456 3734 1484 3766 a
1517 3733 1567 3765 re
1600 3719 1971 3778 (terra-arbore)
2010 3732 2110 3780 qua
2146 3721 2384 3765 tenentur
