2548 4042
196 12 268 90 88
603 49 730 88 uns
764 48 919 87 »mnu
934 59 962 73 -
983 45 1401 86 »notationem-
1421 44 1595 86 macr.
1625 44 1661 86 ι.
1684 44 1751 85 na·
1764 7 2025 103 pamfli
1994 0 2222 42 W?
2154 16 2434 106 2.*--⁴2.›;·3·

193 131 547 190 sacriflcium
587 131 817 193 offerre,
860 132 922 184 et
962 129 1148 184 sacris
1197 142 1414 184 vacare
1458 124 1594 200 (69).
1636 127 1772 184 Ideo
1814 111 2148 200 unicuique
2174 141 2286 187 sua
2323 113 2510 203 scine·
2523 142 2548 189 i

194 221 376 277 clesia
424 235 555 275 esse
602 219 797 275 debet.
838 218 913 273 Et
951 233 1054 271 sua
1100 217 1459 286 intelligitur
1507 216 1569 271 in
1616 230 1735 287 qua
1784 216 2035 288 quisque
2072 217 2452 276 beneficium
2480 221 2487 228 '

197 309 450 380 possidet
477 307 613 379 (70),
643 307 737 361 vel
779 306 873 361 cui
903 307 977 361 ab
1007 306 1287 376 Episcopo
1317 306 1375 360 in
1405 320 1575 361 sacra
1603 305 1972 361 ordinatione
2014 305 2190 362 suerit
2217 306 2426 363 adscri.

197 403 330 469 ptus
354 398 484 468 (71).
512 396 574 451 In
606 397 696 451 his
727 395 910 465 igitur
940 395 1081 451 licet
1111 395 1214 458 eis,
1235 398 1492 463 privative
1518 395 1686 463 quoad
1706 396 1981 460 ParoehoS,
2010 410 2211 452 omnes
2238 411 2369 452 sacr
2512 387 2548 441 ἰης

191 487 521 541 functiones
552 500 665 540 non
699 484 1063 555 parochiales
1099 484 1279 547 obire,
1310 484 1525 539 ceteris
1557 483 1792 553 paribus
1822 480 1957 555 (72).
1986 483 2108 540 Nisi
2147 397 2431 570 parochZ:

191 575 417 638 doceat,
462 574 772 630 ecclesiam
813 573 922 629 sibi
965 574 1289 629 subiectam
1333 587 1461 628 esse
1497 573 1591 628 vel
1635 588 1709 627 ex
1751 573 1968 629 tabulis
2012 571 2430 651 ftindation'u'm,

186 666 282 721 vel
327 679 401 720 ex
443 664 769 734 privilegio,
801 664 896 719 vel
938 663 1077 734 quia
1105 662 1382 732 expensis
1422 661 1713 717 ecclesiae
1748 662 2098 732 parochialis
2137 663 2246 720 suit
2282 655 2435 727 exci-

186 757 335 817 tata;
360 754 455 809 vel
481 754 713 809 demum
746 753 855 807 nisi
887 752 1157 821 legitima
1179 751 1644 822 praescriptione
1667 751 1906 821 aliquod
1937 752 1995 807 in
2020 767 2091 808 ea
2110 754 2210 823 jus
2237 743 2432 824 acqui-

187 842 355 899 sierit
375 842 504 914 (73).
530 843 792 913 Denique
816 842 982 896 latini
1007 844 1068 897 et
1095 842 1484 909 italo-graeci,
1510 840 1940 896 subdiaconatu
1968 845 2252 912 suscepto,
2282 842 2432 898 flunt
2471 827 2490 843 “

190 932 481 987 inhabiles
524 931 911 986 matrimoniis
953 931 1368 985 contrahendis
1396 927 1528 1000 (74).

268 1023 389 1076 100.
420 1020 743 1090 Privilegia
775 1021 994 1091 potiora
1021 1019 1262 1075 Clericis
1302 1020 1627 1075 constituta
1671 1019 1817 1075 haec
1846 1022 2010 1075 sunt:
2040 1020 2066 1075 I
2092 1022 2432 1091 Privileyium

175 1112 311 1177 fini,
339 1125 456 1181 quo
486 1111 826 1166 eximuntur
852 1126 889 1165 a
931 1109 1374 1181 magistratibus
1418 1109 1582 1164 laicis
1609 1109 1749 1183 (75);
1782 1109 1967 1165 sicubi
2010 1110 2202 1166 adhuc
2239 1110 2427 1181 viget.

182 1201 405 1256 Verum
448 1201 536 1255 his
577 1204 807 1255 tantum
853 1199 1146 1268 competit,
1177 1199 1275 1270 qui
1321 1199 1415 1253 vel
1461 1181 1762 1253 constituti
1809 1202 1947 1254 sunt
1993 1199 2050 1253 in
2093 1200 2291 1263 sacris,
2334 1197 2432 1255 vel

185 1291 408 1345 habent
438 1291 788 1345 beneficium
817 1289 1310 1352 ecclesiasticu1n;
1338 1303 1449 1343 non
1477 1288 1621 1343 item
1649 1288 1802 1351 aliis,
1829 1289 1940 1343 nisi
1971 1289 2240 1344 deferant
2269 1287 2434 1343 habi·

180 1383 326 1442 tum,
367 1380 426 1433 et
467 1381 784 1441 tonsuram,
828 1381 887 1434 et
928 1379 1107 1433 alicui
1162 1378 1454 1433 ecclesiae
1508 1378 1581 1432 de
1623 1379 1897 1432 mandato
1938 1379 2206 1448 Episcopi
2248 1378 2436 1434 inser-

182 1467 366 1531 viant,
396 1470 501 1523 aut
543 1468 601 1522 in
644 1469 842 1538 aliqua
869 1468 1086 1531 schola,
1119 1467 1211 1523 vel
1246 1467 1657 1529 universitate,
1688 1468 1759 1522 de
1803 1467 2047 1524 licentia
2087 1468 2232 1537 eius,
2261 1465 2433 1538 quasi

185 1558 243 1612 in
285 1557 384 1613 via
422 1558 496 1612 ad
538 1558 787 1626 majores
828 1557 1061 1611 ordines
1100 1556 1521 1625 suscipiendos
1565 1559 1878 1611 versentur
1908 1555 2041 1628 (76).
2071 1557 2431 1626 Pricileqiwm.

191 1647 245 1702 0.
276 1648 568 1700 odoardus.
599 1649 721 1701 Hoc
749 1647 1065 1716 (beneficium
1093 1646 1488 1716 competentiae),
1518 1645 1572 1699 id
1605 1648 1884 1714 praestat,
1919 1661 1991 1701 ne
2020 1644 2300 1708 Clericus,
2330 1642 2431 1715 qui

181 1737 407 1807 aliquid
447 1737 625 1791 alicui
668 1737 859 1799 debet,
903 1738 1327 1790 condemnetur
1366 1733 1522 1790 ultra
1572 1735 1626 1789 id
1669 1736 1822 1805 quod
1863 1736 2005 1791 dare
2050 1737 2238 1806 potest
2277 1733 2431 1807 (77);

186 1827 436 1897 ideoque
466 1827 690 1882 relictis
720 1828 772 1882 ei
802 1826 1103 1881 alimentis
1130 1824 1260 1896 (78)
1294 1840 1394 1895 pro
1425 1828 1565 1879 taxa
1595 1826 1960 1890 dioecesana,
1991 1826 2176 1881 donec
2202 1825 2278 1880 ad
2307 1824 2425 1895 pin·

186 1916 453 1986 guiorem
483 1916 774 1971 fortunam
803 1915 1110 1971 devenerit
1141 1914 1271 1986 (79).
1296 1916 1414 1969 Hoc
1445 1929 1674 1984 quoque
1707 1915 1764 1968 in
1795 1914 1998 1983 regnis
2026 1914 2432 1969 saecularibus

182 2006 496 2070 obsolevit;
528 2010 941 2076 praeterquam
971 2005 1061 2060 his
1092 2004 1372 2067 lociS‚11bi
1415 2004 1700 2058 alimenta
1729 2003 2088 2074 sequestrari
2121 1984 2427 2073 prohiben-

181 2098 296 2158 tur,
326 2110 436 2150 ceu
467 2111 647 2165 penes
677 2111 803 2158 nos;
836 2096 939 2150 sed
982 2094 1142 2149 valet
1185 2095 1373 2164 quoad
1415 2094 1640 2148 fructus
1673 2094 1940 2148 beneficii
1971 2095 2294 2157 dumtaxat,
2323 2092 2424 2164 qui

182 2185 370 2239 instar
407 2185 822 2240 alimentorum
871 2186 1181 2239 habentur.
1224 2186 1464 2238 Demum
1506 2185 1581 2238 III
1617 2186 1954 2255 privileqiwm
2006 2184 2270 2249 Cononis,-
2310 2195 2428 2253 quo

1417 2362 1478 2406 75
1510 2361 1561 2409 C.
1588 2363 1615 2407 2
1649 2362 1724 2409 De
1749 2364 1879 2408 Foro
1909 2365 2118 2420 compet.
2140 2361 2207 2408 Et
2238 2361 2331 2420 qm·
2349 2372 2432 2408 co-

1353 2437 1484 2490 yum
1516 2435 1626 2480 sive
1656 2435 1869 2488 directe,
1909 2435 2019 2479 sive
2057 2434 2307 2479 indirecte
2327 2435 2424 2491 ju-

1357 2507 1495 2551 dices
1511 2507 1675 2551 laicos
1695 2508 1765 2550 ad
1783 2517 1867 2551 eos
1888 2506 2164 2550 trahendos
2183 2506 2257 2549 ad
2271 2515 2429 2549 suum

244 2363 303 2408 69
350 2362 616 2410 Hebraeor.
655 2362 711 2417 V,
761 2363 797 2407 1.
842 2362 1026 2408 Sacris
1065 2374 1258 2409 vacare

185 2434 487 2482 Sacerdotes
509 2437 708 2491 oportet
738 2434 812 2493 (L.
838 2434 910 2488 37,
938 2434 964 2492 ς
989 2436 1031 2479 4.
1062 2435 1138 2481 De
1160 2437 1256 2482 Re-

184 2510 312 2562 cept.
333 2506 479 2561 Ara).

243 2575 304 2620 70
330 2575 384 2623 C.
417 2577 457 2620 3.
493 2577 567 2622 De
601 2578 722 2622 Iure
740 2578 1018 2622 Patronat.
1043 2575 1256 2622 Proinde
1369 2576 1622 2620 Tribunal
1648 2581 1866 2632 praeter
1887 2576 2171 2620 canonicas
2201 2574 2427 2620 sanctio·

183 2645 320 2706 quod
342 2659 433 2692 nos
451 2645 670 2692 dicimus
689 2649 991 2704 beneficium
1013 2646 1252 2698 obtinere,

187 2718 417 2770 retinere,
443 2717 689 2770 abdicare,
714 2731 906 2771 vacare,
941 2730 1158 2763 canones
1182 2717 1255 2761 di-

178 2797 325 2844 cuut3
362 2790 651 2834 Ecclesiam
675 2789 878 2840 intrare,
907 2790 1139 2840 retinere,
1175 2788 1251 2832 di-

180 2859 381 2904 mittere
405 2859 477 2907 ‹C.
501 2860 529 2903 3
548 2860 623 2906 De
651 2861 824 2906 Cleric.
849 2870 953 2904 non
976 2860 1130 2904 res-id.
1151 2859 1201 2905 C.
1224 2860 1249 2902 4

178 2932 250 2975 De
289 2933 548 2986 Remmia),
591 2943 769 2976 vacare
810 2931 889 2987 (C.
927 2930 956 2973 9
991 2932 1064 2977 De
1103 2930 1153 2975 Ο.
1199 2930 1251 2975 O.

181 3003 238 3045 in
276 3002 361 3053 6³).

239 3074 291 3115 71
323 3072 457 3116 Trid.
485 3073 644 3118 XXIlI.
667 3072 775 3119 Ref.
805 3073 963 3126 13,16.

241 3142 301 3184 72
323 3143 394 3188 Cf.
418 3143 599 3188 Bened.
620 3144 752 3199 XIV,
774 3144 938 3200 Notis.
964 3144 1127 3199 105‚n.
1155 3144 1249 3189 102.

181 3212 229 3260 S.
254 3212 351 3258 Rit.
377 3213 553 3272 Congr.
587 3214 638 3259 13
665 3215 762 3259 Ian.
797 3217 922 3261 1844.

238 3284 301 3328 73
319 3284 371 3330 C.
392 3284 419 3326 :2
437 3285 510 3330 De
534 3287 719 3341 Capell.
739 3286 974 3332 Monach.
997 3287 1049 3335 C.
1069 3286 1157 3332 ult.
1177 3287 1252 3332 De

188 3356 240 3400 O.
273 3356 418 3400 Arch.
453 3354 502 3400 S.
536 3354 591 3399 R.
626 3356 680 3401 C.
718 3356 771 3400 lO
806 3356 918 3402 Dec.
959 3357 1074 3402 1703
1105 3356 1169 3402 ad
1203 3357 1251 3410 5,

175 3426 218 3475 6,
262 3425 330 3480 11,
364 3424 440 3479 12,
479 3425 547 3470 13.
585 3424 657 3470 De
698 3425 836 3471 Luca
878 3428 954 3474 De
995 3428 1250 3473 Parochis

179 3495 314 3542 Disc.
348 3496 421 3540 21.

235 3567 294 3610 74
336 3565 518 3612 Bened.
564 3565 688 3612 XIV.
732 3567 783 3614 C.
827 3569 970 3613 Anno
1020 3573 1248 3615 ver-cente

181 3636 236 3680 19
258 3636 368 3682 Iun.
399 3637 525 3682 1750.
547 3635 675 3681 Nam
702 3635 762 3680 de
794 3639 988 3695 graecis
1022 3638 1246 3684 nondum

175 3705 444 3752 definitum
478 3710 556 3753 est
578 3708 679 3763 (cit.
703 3707 872 3754 Const.
901 3708 928 3764 g
960 3708 1044 3764 13).

1355 2659 1460 2698 nes,
1495 2647 1760 2692 incurrunt
1792 2647 1903 2706 ipso
1929 2646 2043 2705 jure
2089 2657 2335 2691 excomm.
2367 2642 2426 2690 R.

1357 2717 1407 2763 P.
1430 2731 1467 2762 r.
1493 2718 1553 2762 de
1586 2730 1686 2775 qua
1718 2718 1898 2762 serius.

1412 2789 1472 2832 76
1505 2787 1723 2832 Trident.
1756 2786 1936 2840 xx111,
1960 2787 2063 2833 Ref.
2093 2787 2236 2834 e..1>e
2269 2798 2426 2850 man·
2460 2768 2468 2771 *⁷
2543 2758 2548 2771 ⁴

1353 2862 1510 2904 dato:
1544 2858 1633 2904 sed
1673 2858 1769 2903 etsi
1815 2858 1942 2903 aliae
1987 2859 2248 2912 inserviat,
2290 2857 2427 2906 idem

1345 2930 1479 2990 juris
1514 2932 1592 2974 est
1625 2928 1671 2975 S.
1707 2929 1758 2976 C.
1793 2929 1847 2976 C.
1870 2929 1927 2972 23
1959 2929 2060 2974 Ian.
2087 2928 2216 2973 1603.
2245 2927 2302 2975 V.
2335 2928 2429 2976 Be-

1353 2999 1464 3045 ned.
1496 2998 1626 3046 xlv.
1649 3001 1722 3045 De
1747 2998 1895 3056 Syno.
1930 2999 2039 3054 XII,
2074 2998 2154 3054 VI,
2186 3001 2230 3045 5.

1410 3072 1466 3115 77
1502 3071 1558 3118 C.
1589 3070 1617 3115 3
1641 3072 1715 3116 De
1747 3073 1991 3116 solution.
2027 3070 2124 3116 LL.
2165 3070 2229 3127 19,
2262 3069 2320 3115 30
2347 3069 2425 3119 De

1352 3144 1427 3189 Re
1446 3144 1613 3198 judic.

1411 3215 1471 3257 78
1489 3214 1579 3258 Cit.
1604 3212 1655 3258 1..
1678 3211 1749 3257 30.
1773 3211 1939 3258 Innoc.
1961 3211 2047 3265 XI,
2070 3211 2098 3255 3
2117 3211 2261 3258 Mart.
2290 3211 2418 3258 1679.

1411 3283 1470 3327 79
1493 3282 1542 3329 S.
1570 3283 1620 3331 C.
1644 3282 1696 3329 C.
1735 3283 1786 3326 18
1812 3282 1946 3342 Sept.
1977 3282 2102 3327 1868.
2127 3285 2295 3329 Donec
2326 3284 2420 3329 etc.

1353 3353 1419 3409 (L.
1458 3367 1539 3398 un.
1572 3358 1601 3405 ,ξ
1638 3353 1765 3399 Cum
1800 3358 1977 3400 autem
2003 3378 2023 3388 -
2051 3353 2126 3400 De
2157 3355 2235 3399 rei
2264 3365 2424 3400 umor.

1353 3427 1519 3477 actio.)
1537 3425 1603 3469 Et
1621 3425 1740 3470 dum
1750 3424 1895 3470 modo
1915 3425 2022 3469 sine
2040 3437 2135 3470 suo
2147 3426 2264 3470 dolo
2283 3425 2423 3470 malo

1353 3497 1458 3550 (cit.
1478 3499 1522 3551 g)
1545 3494 1785 3541 solvendo
1808 3508 1919 3540 esse
1943 3494 2209 3540 desierint:
2233 3506 2352 3553 ergo
2374 3494 2421 3540 si

1351 3567 1677 3626 negligentia,
1719 3567 1796 3612 vel
1848 3565 2078 3612 socordia
2119 3578 2215 3610 sua
2255 3567 2420 3624 egent,

1352 3642 1661 3683 excusantur
1684 3636 1926 3695 (Fagnan.
1954 3636 2007 3681 in
2038 3635 2121 3681 cit.
2142 3634 2196 3684 C.
2226 3633 2420 3681 odoar-

1352 3711 1452 3755 dus
1474 3709 1649 3763 nn.·4l,
1674 3707 1765 3764 42).
