2548 4042
202 4 270 61 64
611 19 737 60 raas
770 19 925 58 rain
948 30 973 44 ·
995 19 1367 61 mouentem-
1385 33 1412 46 ·
1432 0 1607 64 macr
1627 24 1661 63 ι.
1685 23 1751 64 nn
1786 0 2060 82 »nasonis
2096 0 2185 42 '⁷—
2132 0 2290 78 'g‘-
2308 37 2347 77 »;,,
2374 10 2451 81 gg

198 101 690 180 (substantialem)
719 105 941 161 nullius
969 105 1248 160 momenti
1277 107 1370 162 est
1394 104 1538 179 (27);
1561 109 1760 164 datam
1789 123 1864 166 ex
1892 113 2058 168 metu
2084 114 2281 171 ratam
2291 100 2515 190 esset,
2543 118 2545 121 ’

132 231 141 237 -
192 201 282 254 est
321 198 681 252 communius
723 198 782 251 et
823 195 1022 250 verius
1049 193 1178 266 (28).
1206 195 1264 250 2⁰
1303 194 1514 266 Capaci
1554 197 1748 252 danda
1787 201 1902 255 est:
1933 203 2074 256 sunt
2114 202 2469 275 incapaces.-
2462 188 2548 289 3333

192 287 504 357 cujuslibet
535 285 966 355 jurisdictionis
996 285 1250 340 naturali
1284 287 1421 351 jure
1458 285 1556 356 qui
1597 287 1810 343 mentis
1841 287 2084 359 impotes
2113 296 2251 348 sunt
2279 290 2468 368 (29)3·
2496 274 2548 290 ”⁴

191 376 625 432 ecclesiasticae
668 375 980 444 incapaces
1017 376 1153 429 sunt
1173 374 1310 442 jure
1339 374 1539 429 divino
1569 374 1855 432 foeminae
1884 376 1940 447 (g
1966 381 2055 444 29,
2091 383 2195 453 17),
2225 386 2284 438 et
2314 398 2432 442 non
2500 416 2502 418 ν
2528 391 2548 417 ²

191 466 463 536 baptizati
493 464 630 536 (30);
663 464 944 520 canonico
972 464 1106 518 laici
1144 461 1269 534 (31).
1301 465 1538 519 Demum
1579 465 1636 520 3ο
1666 466 1714 520 is
1743 468 1835 522 cui
1879 469 2052 525 datur
2088 471 2267 527 debet
2297 488 2427 529 eam
2516 479 2541 488 ”

185 558 497 626 acceptare
539 570 833 624 expresse,
876 554 970 609 vel
1014 554 1191 608 tacite
1221 554 1350 624 (32).
1382 556 1452 609 Et
1494 556 1539 609 si
1585 556 1759 611 datur
1798 559 2048 623 absenti,
2092 577 2205 616 non
2247 566 2430 622 autea
2488 560 2502 636 '¹

185 646 322 700 data
364 644 504 700 mihi
547 644 923 713 intelligitur,
966 659 1137 713 quam
1187 659 1317 698 cum
1362 644 1417 698 id
1459 662 1494 699 a
1543 648 1601 699 te
1643 647 1829 701 directe
1871 649 2030 714 mihi,
2069 651 2163 707 vel
2215 653 2425 711 Procu·
2508 643 2510 646 ’

185 734 359 790 ratori
402 748 530 790 meo
571 734 748 789 suerit
787 734 1198 789 renunciatum
1244 733 1371 802 (33).
1403 734 1806 799 Quamobrem,
1837 737 1886 791 si
1929 740 2121 795 medio
2163 743 2427 813 tempore
2539 724 2543 734 ⁷

182 825 597 880 retractaveris
622 825 1001 887 voluntatem,
1023 822 1165 877 nihil
1190 822 1306 878 erit
1326 828 1522 878 actum
1540 822 1684 896 (34):
1709 826 1811 880 sed
1838 828 1982 883 haec
2008 829 2241 898 planius
2261 832 2421 889 alibi.
2507 816 2511 821 ⁸

257 916 345 970 75.
375 916 542 970 Nunc
571 915 874 968 videamus
902 913 1387 982 quemadmodum
1417 914 1492 968 sit
1523 917 1870 971 exercenda.
1902 917 2196 989 Principio
2237 919 2425 990 igitur

182 1007 550 1061 contentiosa
580 1003 841 1059 exerceri
867 1004 1039 1057 debet
1064 1002 1119 1056 in
1148 1002 1374 1071 proprio
1404 1004 1716 1068 territorio,
1742 1010 1805 1059 ut
1833 1006 2053 1062 valeat:
2086 1008 2422 1067 voluntaria

183 1097 375 1152 ubivis
403 1094 668 1150 exerceri
700 1095 889 1162 potest
920 1090 1053 1162 (35).
1085 1092 1481 1163 Unaquaeque
1511 1096 1709 1148 autern
1746 1098 2079 1152 exercenda
2107 1102 2199 1154 est
2229 1099 2286 1155 in
2315 1115 2423 1156 suo

181 1187 299 1242 foro
326 1185 415 1255 (V.
439 1187 474 1253 3³
496 1186 603 1253 25).
637 1184 697 1237 In
719 1184 855 1252 Jure
885 1181 1167 1236 canonico
1194 1182 1475 1251 quidquid
1506 1185 1847 1239 conceditur
1879 1202 1978 1256 pro
2010 1186 2127 1242 foro
2157 1192 2419 1254 externo,
2499 1201 2502 1203 “

179 1278 321 1339 sive,
355 1275 435 1329 uti
465 1274 652 1337 aiunt,
679 1274 875 1336 insero
889 1274 1026 1337 sori,
1055 1271 1216 1327 valet
1244 1272 1603 1340 regulariter
1632 1273 1811 1328 etiam
1849 1291 1949 1343 pro
1990 1276 2112 1331 soro
2154 1278 2418 1344 interum

176 1368 278 1423 sed
318 1381 430 1420 non
474 1367 676 1419 contra
704 1362 837 1433 (36).
868 1363 938 1416 Et
966 1361 1119 1431 quod
1160 1361 1334 1416 datur
1374 1377 1476 1431 pro
1518 1362 1637 1417 soro
1677 1363 1923 1429 intern0‚
1957 1366 2116 1422 valet
2160 1383 2260 1438 pro
2298 1368 2420 1425 foro

178 1462 299 1512 tum
340 1452 770 1515 sacramentali,
819 1455 944 1506 tum
998 1449 1394 1506 conscientiae
1437 1450 1575 1522 (37);
1621 1452 1732 1507 nisi
1773 1456 1994 1522 agatur
2033 1456 2109 1511 de
2159 1458 2418 1527 peccatis

231 1643 289 1687 27
307 1642 360 1688 L.
387 1643 454 1694 15,
467 1644 512 1687 h.
535 1646 563 1686 t.
587 1640 638 1685 L.
659 1641 700 1686 2.
719 1643 792 1686 De
807 1639 977 1685 Judie.
996 1639 1246 1683 Errantis

172 1717 323 1762 nulla
345 1716 590 1759 voluntas
613 1715 694 1758 est
714 1711 811 1768 (Ex
830 1710 883 1755 L.
910 1710 1005 1754 117.
1029 1710 1103 1756 De
1120 1709 1179 1754 R.
1204 1710 1242 1752 I.

170 1786 345 1837 veluti,
369 1786 411 1830 si
436 1786 486 1830 in
514 1796 730 1843 persona
747 1787 970 1828 erratum
991 1781 1074 1827 sit.
1094 1778 1244 1826 Error

171 1854 497 1904 accidentalis
521 1868 619 1899 non
642 1853 786 1899 obest
804 1852 876 1908 (L.
905 1853 950 1897 ll
978 1855 1045 1897 De
1066 1853 1114 1897 C.
1132 1853 1242 1903 EA,-

170 1927 426 1989 utputa,si
443 1925 707 1977 sacerdoti,
723 1937 873 1984 quem
892 1923 1096 1968 doctum
1114 1922 1241 1968 falso

166 1997 494 2050 existimasti,
514 1996 713 2042 dederis
747 1994 1041 2040 facultatem
1078 1994 1241 2040 absol-

168 2071 318 2117 vendi
362 2084 391 2115 a
445 2068 732 2120 reservatis,
780 2079 877 2111 non
932 2066 1147 2112 daturus
1197 2066 1239 2110 si

166 2142 354 2188 scisses
369 2138 568 2194 (Sanch.
582 2138 642 2183 M.
661 2137 747 2190 111,
764 2137 924 2191 39,141
947 2137 1180 2196 quamvis
1196 2137 1238 2182 is

165 2219 214 2258 te
231 2211 483 2271 deceperit
501 2210 728 2269 rFiliucc.
754 2210 825 2254 De
848 2209 997 2255 Iusti.
1021 2207 1071 2255 S.
1092 2209 1237 2268 Alph.

164 2284 246 2338 VI,
277 2283 427 2338 1089),
458 2283 579 2343 quia
620 2295 781 2342 poena
823 2282 963 2336 foret,
998 2284 1050 2327 et
1098 2281 1238 2327 nulla

162 2368 322 2414 poena
365 2355 476 2401 sine
510 2354 634 2412 lege.

219 2427 278 2470 28
312 2426 493 2472 Sanch.
532 2426 596 2471 M.
629 2424 716 2478 ΙΙΙ,
759 2426 831 2480 39,
875 2424 943 2471 13.
977 2425 1120 2484 Lugo
1162 2426 1237 2472 De

164 2499 332 2544 Iustit.
384 2496 541 2550 XXII,
596 2497 690 2540 131.
741 2496 915 2555 Engel.
963 2495 1047 2549 IV,
1099 2496 1140 2549 3,
1192 2497 1235 2542 5.

161 2569 210 2614 S.
246 2567 397 2627 Alph.
437 2569 473 2621 l,
514 2567 615 2622 184;
650 2567 735 2621 ΙΙΙ,
770 2569 880 2623 716;
913 2568 1034 2626 quia
1068 2569 1233 2612 metus

160 2651 259 2683 non
295 2638 459 2683 aufert
491 2637 847 2683 voluntarium.
897 2637 1018 2682 Dari
1062 2641 1231 2682 autem

160 2711 329 2767 potest
348 2722 585 2768 expresse
607 2707 685 2753 vel
702 2708 853 2752 tacite
868 2708 1042 2752 :tacite
1062 2710 1230 2752 autem

156 2779 459 2838 regulariter
492 2779 612 2824 data
652 2777 864 2831 videtur,
901 2791 1015 2823 cum
1050 2778 1111 2830 is,
1145 2778 1231 2837 qui

159 2849 278 2894 dare
313 2863 422 2894 eam
447 2849 607 2902 debet,
645 2850 810 2895 sciens
834 2847 1007 2894 volens
1036 2849 1231 2908 patitur

157 2924 222 2972 te,
242 2934 295 2965 se
313 2923 595 2980 praesente,
614 2920 928 2980 cauti(Sp0r.
945 2921 1020 2967 De
1034 2921 1227 2967 Poenic.

157 2995 187 3043 ἓ
208 2991 311 3036 710.
337 2992 513 3050 Regin.
540 2991 577 3045 Ι,
598 2992 693 3050 68).

221 3061 279 3105 29
314 3062 365 3107 L.
399 3063 451 3105 12
474 3067 502 3116 g
523 3066 565 3107 4.
595 3063 668 3110 De
694 3064 931 3109 Judiciz's.

220 3133 278 3176 30
297 3132 438 3178 Suar.
462 3135 535 3179 De
566 3135 771 3180 Censur.
800 3133 860 3184 ΙΙ,
883 3135 926 3186 3,
949 3134 990 3179 2.
1016 3133 1224 3181 Salmat.

166 3204 234 3258 10,
262 3205 299 3258 l,
323 3205 396 3249 51.
419 3205 604 3251 Contra
626 3205 808 3250 Bonae.
834 3204 1036 3265 Henriq.
1062 3207 1153 3251 etc.

223 3275 271 3318 31
313 3274 367 3322 C.
398 3274 447 3318 lO
470 3276 543 3320 De
570 3274 780 3320 Conscia.
815 3275 967 3322 Salm.
997 3276 1063 3330 10,
1094 3277 1131 3331 l,
1153 3276 1226 3322 52.

153 3347 306 3394 Croix
329 3345 438 3400 VII,
460 3346 527 3389 17.
548 3345 647 3391 Seu
673 3346 840 3404 potius
864 3347 1088 3391 nondum
1114 3349 1223 3392 ton-

153 3430 324 3462 suram
348 3416 517 3476 adepti
538 3415 700 3471 (Suar.
717 3418 788 3462 De
806 3417 1011 3463 Censur.
1026 3417 1086 3469 II,
1099 3417 1139 3471 3,
1157 3418 1223 3476 8).

153 3487 375 3546 Capaces
395 3489 564 3532 autern
583 3499 692 3531 esse
712 3491 920 3546 oportet,
935 3487 1119 3533 nedum
1140 3501 1222 3534 eos

153 3559 345 3616 quibus
378 3558 668 3604 decernitur
695 3557 986 3617 jurisdictio
1025 3558 1221 3605 ordina-

150 3630 240 3683 rio,
260 3628 394 3688 quod
413 3628 620 3688 planum
640 3633 733 3683 est,
749 3627 837 3674 sed
857 3631 905 3673 et
929 3642 1011 3674 eos
1036 3629 1220 3688 quibus

150 3699 421 3745 mandatur
449 3699 500 3758 (ἓ
521 3699 594 3753 72,
623 3699 705 3756 18).

1399 1638 1458 1682 32
1490 1638 1564 1682 Ex
1600 1638 1698 1686 LL.
1741 1640 1803 1693 10,
1844 1640 1897 1684 19
1929 1641 2004 1688 De
2039 1642 2228 1688 Donat.
2262 1643 2316 1692 C.
2349 1644 2417 1691 17.

1349 1707 1422 1754 De
1455 1708 1624 1755 Praeb.
1660 1710 1710 1755 in
1746 1711 1806 1755 6‘.
1837 1712 1979 1761 Quod
2010 1716 2200 1771 cuique
2224 1726 2325 1772 pro
2357 1726 2415 1764 eo

1343 1784 1668 1835 praestatur,
1704 1783 1865 1828 invito
1903 1796 2007 1829 non
2051 1786 2302 1831 tribuitur
2334 1785 2413 1845 (L.

1355 1852 1435 1895 199
1456 1852 1482 1910 ξ
1511 1852 1598 1897 ult.
1625 1855 1698 1899 De
1719 1853 1776 1900 R.
1799 1855 1846 1899 J.
1871 1853 2050 1901 Sanch.
2076 1854 2138 1900 M.
2163 1854 2250 1910 ΙΙΙ,
2277 1857 2352 1911 36,
2367 1858 2412 1902 8.

1350 1923 1489 1983 Lugo
1514 1925 1587 1970 De
1614 1926 1805 1971 Poenie.
1837 1925 1903 1980 19,
1933 1926 2003 1983 18)
2037 1925 2136 1972 Sed
2170 1924 2228 1972 V.
2251 1927 2412 1988 Engel

1404 2065 1461 2110 33
1493 2066 1569 2111 Ex
1594 2066 1648 2113 L.
1670 2067 1742 2112 25.
1768 2070 1839 2115 De
1860 2069 2004 2113 Milic.
2029 2073 2228 2116 testam.

1403 2137 1460 2182 34
1484 2138 1534 2186 C.
1551 2140 1579 2181 7
1598 2139 1671 2184 De
1688 2139 1897 2184 Procur.
1916 2139 1968 2184 in
1986 2138 2050 2185 6⁰.
2071 2139 2151 2195 Et,
2169 2153 2229 2186 ex
2247 2139 2410 2187 diver-

1342 2222 1411 2262 SO,
1435 2211 1477 2255 si
1512 2209 1898 2269 repudiaverim,
1931 2210 2178 2269 quamdiu
2215 2210 2268 2257 id
2298 2211 2407 2267 tibi,

1343 2279 1420 2325 vel
1454 2280 1767 2326 Procuratori
1792 2283 1892 2334 tuo,
1919 2279 2106 2326 directe
2138 2293 2238 2327 non
2269 2282 2411 2329 inno-

1339 2353 1508 2403 tuerit,
1536 2350 1662 2396 mihi
1685 2352 1939 2410 integrum
1958 2354 2052 2406 est,
2077 2354 2271 2398 mutato
2294 2365 2411 2399 con-

1339 2424 1466 2478 silio,
1492 2437 1602 2469 eam
1626 2427 1885 2483 acceptare
1904 2424 1998 2482 (Ex
2025 2423 2106 2468 cit.
2125 2422 2180 2472 C.
2202 2425 2247 2471 7.
2263 2423 2409 2484 Regi-

1339 2494 1471 2541 nald.
1487 2495 1525 2549 I,
1546 2495 1641 2542 105.
1659 2495 1841 2541 Sanch.
1861 2495 1924 2541 M.
1943 2494 2077 2546 VIII,
2093 2495 2165 2548 32,
2179 2507 2262 2540 nn.
2281 2494 2323 2550 2,
2340 2497 2403 2552 6).

1396 2567 1456 2610 35
1479 2566 1576 2611 LL.
1607 2568 1641 2619 l,
1666 2567 1695 2610 2
1720 2567 1793 2611 De
1821 2567 1913 2623 Off.
1937 2567 2174 2612 ProconS.
2198 2565 2292 2614 CC.
2314 2567 2357 2620 7,
2374 2566 2404 2610 9

1338 2638 1413 2685 De
1442 2638 1533 2693 Off.
1555 2637 1669 2694 Ley.
1692 2637 1757 2681 Et
1773 2636 1960 2682 nedum
1979 2635 2245 2690 ordinaria,
2270 2635 2406 2696 quod
2493 2658 2498 2662 ·

1334 2721 1480 2753 nemo
1516 2706 1737 2762 dubitat3
1772 2707 1862 2752 sed
1894 2710 1944 2753 et
1987 2706 2234 2766 delegata,
2267 2706 2403 2767 quod

1334 2781 1412 2824 est
1446 2779 1613 2824 verius
1649 2780 1808 2833 (Garz.
1844 2779 1920 2825 De
1950 2779 2172 2837 Benefie.
2206 2777 2315 2826 Par.
2343 2777 2403 2825 V.

1332 2849 1451 2908 Cap.
1476 2848 1609 2902 VIII,
1644 2863 1673 2895 a
1704 2863 1751 2894 n.
1784 2849 1878 2894 129.
1903 2849 2146 2896 Thesaur.
2172 2850 2248 2898 De
2266 2849 2395 2896 Poe-

1332 2923 1414 2966 nis
1450 2920 1556 2966 Par.
1594 2921 1622 2973 Ι,
1663 2921 1781 2979 Cap.
1825 2920 1899 2965 20.
1938 2933 1982 2966 v.
2010 2922 2139 2966 Dico
2178 2922 2401 2967 secundo

1332 2990 1512 3037 Sanch.
1533 2991 1594 3038 M.
1611 2991 1698 3047 III,
1711 2993 1786 3047 34,
1801 2992 1862 3049 2),
1880 2994 1927 3036 et
1946 2991 2156 3051 planum
2173 2992 2310 3045 est(§
2323 2990 2399 3045 72,
2418 3018 2430 3030 ·

1339 3063 1419 3119 18).
1466 3062 1677 3107 Proinde
1722 3063 2004 3121 Episcopus
2041 3062 2222 3121 jussus
2269 3075 2299 3109 a
2339 3061 2400 3109 R.
2460 3118 2462 3120 .

1331 3132 1487 3185 Pont.,
1513 3146 1556 3179 v.
1579 3146 1637 3189 c.,
1664 3133 1816 3178 alicui
1842 3132 2136 3178 beneficium
2161 3132 2396 3187 conferre,

1329 3203 1625 3263 dispensare
1650 3204 1701 3248 in
1721 3202 2093 3262 irregularitate
2113 3201 2284 3262 aliqua
2305 3214 2398 3262 pu·

1329 3273 1475 3327 blica,
1518 3263 1599 3319 vel
1636 3274 1688 3318 in
1733 3272 2096 3333 impedimento
2129 3272 2393 3319 matrimo-

1326 3343 1463 3399 niali,
1499 3343 1623 3390 haec
1654 3347 1884 3404 praestat
1915 3346 1965 3388 et
1988 3342 2154 3389 valide
2185 3345 2236 3388 et
2256 3339 2398 3390 licite

1327 3417 1482 3461 etiarn
1515 3427 1631 3462 cum
1665 3417 1810 3461 extra
1843 3414 2113 3461 dioecesim
2145 3418 2394 3461 versatur.

1386 3487 1445 3531 36
1476 3486 1675 3534 Covarr.
1713 3486 1796 3532 To.
1836 3485 1896 3541 ΙΙ,
1934 3485 2046 3532 Lib.
2085 3484 2144 3538 ΙΙ,
2180 3486 2300 3544 Cap.
2330 3485 2396 3543 X,

1324 3571 1372 3603 n.
1405 3557 1449 3604 3.
1482 3558 1553 3602 De
1577 3557 1702 3602 Iust.
1727 3557 1765 3610 I,
1787 3556 1894 3611 VII,
1916 3555 2021 3603 207.
2041 3555 2094 3601 V.
2123 3561 2154 3611 5
2174 3555 2248 3613 25,
2284 3556 2353 3603 17.

1383 3629 1442 3674 37
1472 3628 1718 3676 Schmalz.
1739 3629 1799 3682 II,
1826 3629 1868 3680 2,
1890 3629 1935 3676 2.
1957 3628 2103 3676 Suar.
2124 3627 2196 3672 De
2216 3626 2385 3687 Legib.

1325 3698 1457 3756 VIII,
1483 3700 1527 3746 6.
1559 3713 1640 3745 nn.
1672 3699 1739 3755 15,
1769 3699 1835 3746 16.
1863 3698 1918 3746 V.
1934 3700 2017 3745 cit.
2045 3700 2073 3759 ἓ
2099 3699 2172 3754 25,
2201 3698 2269 3745 17.
