2548 4042
373 192 391 206 ”
459 151 804 266 absolvendi
829 168 959 266 slve
997 219 1037 263 a
1078 205 1351 280 peccatis.
1378 204 1507 263 slve
1532 220 1572 264 a
1597 204 1865 264 censuris
1901 203 2240 263 reservatis.
2263 202 2339 263 Et

0 327 2 371 ξ
267 301 353 373 ee
377 295 650 369 profecto,
691 311 825 355 cum
864 296 946 355 sit
981 296 1600 368 oemjurtsdictionis
1630 311 1704 353 ex
1745 311 1816 352 eo
1857 302 2117 366 tempore
2157 296 2336 353 aesti-

248 414 276 433 ν’
346 390 459 451 eet.
498 401 615 460 quo
656 388 801 444 haec
840 394 1168 451 exercetur.
1214 385 1366 444 idest
1391 401 1465 443 ex
1497 394 1753 457 tempore
1792 400 1908 459 quo
1947 387 2124 442 datur
2164 386 2336 443 abso·

25 452 277 549 {idiunt
302 477 703 552 quamobrem.
733 476 780 533 si
810 492 881 533 eo
911 481 1169 548 tempore
1197 478 1317 533 sint
1347 482 1665 538 reservata.
1701 476 1843 531 nihil
1878 475 2154 546 proderit
2181 475 2337 548 quod

41 568 239 642 sente
274 567 736 626 mationem
781 567 1001 624 suerint
1038 568 1318 623 admissa:
1360 570 1422 622 et
1462 570 1681 628 contra,
1723 566 1771 622 si
1822 582 1893 622 eo
1937 572 2198 637 tempore
2248 581 2339 623 re·

30 651 356 726 guntin
391 658 669 723 cessavit,
715 656 859 713 nihil
909 657 1101 713 oberit
1146 655 1298 728 quod
1345 656 1602 712 admissa
1652 656 1870 712 mor-int
1917 655 2339 713 reservationis

35 731 358 820 'inu-apoto
375 745 514 821 (26).
554 746 752 812 Quoad
796 747 983 803 locum
1028 747 1083 800 in
1137 761 1253 817 quo
1298 745 1592 801 absolutio
1640 746 1763 800 dari
1823 751 2033 816 potest,
2073 746 2235 801 aliud
2278 745 2336 801 in

95 835 373 913 peccetis,
397 837 558 894 aliud
590 837 648 893 in
677 840 944 894 censuris
962 836 1117 908 juris
1145 842 1253 891 est.
1279 835 1423 891 Nam
1457 837 1510 889 in
1548 836 1804 904 peccatis
1836 835 2143 906 inspicitur
2176 835 2341 892 locus

11 974 33 1000 2
96 927 305 1003 inquo
325 927 620 986 absolutio
645 928 846 990 datum
878 926 1116 999 proinde
1145 927 1191 981 si
1239 925 1295 981 in
1334 940 1404 982 eo
1446 932 1748 980 reservata
1789 930 1944 987 sunt.
1974 925 2196 981 absolvi
2240 940 2341 981 ne·

90 1019 344 1095 meunt.
385 1018 527 1075 licet
568 1019 625 1074 in
670 1019 794 1074 loco
836 1018 931 1072 ubi
977 1032 1088 1071 uon
1131 1020 1302 1071 erant
1346 1020 1648 1070 reservata
1693 1015 1910 1070 fuerint
1948 1015 2235 1078 admissa;
2279 1018 2342 1071 et

95 1111 321 1167 eontra.
358 1108 424 1165 ln
464 1109 732 1165 censuris
780 1107 1184 1177 respiciendus
1230 1108 1321 1161 est
1373 1106 1532 1161 locus
1578 1106 1675 1160 ubi
1733 1120 1984 1161 censura
2038 1108 2343 1161 contracta

0 1173 39 1270 Γ,
97 1196 240 1259 mit:
276 1200 462 1272 etque
503 1198 636 1255 ideo
673 1197 899 1253 absolvi
943 1212 1055 1251 non
1102 1196 1324 1267 poterit
1358 1196 1412 1250 in
1444 1196 1564 1250 alia
1592 1195 1863 1258 dioecesi
1908 1195 2144 1251 tametsi
2180 1194 2343 1251 nulla

95 1289 161 1351 ἰ·
186 1288 492 1359 &vigeat
518 1302 805 1344 censurae
845 1285 1173 1358 hujusmodi
1218 1285 1542 1341 reservatio
1568 1284 1699 1357 (27).
1746 1285 2115 1341 Diversitatis
2154 1300 2225 1340 ea
2254 1289 2347 1340 est

0 1238 94 1611 gg

84 1373 270 1446 reste.
306 1379 461 1452 quod
494 1378 829 1451 jurislictio
874 1378 947 1432 ad
1003 1382 1246 1448 peccata
1297 1378 1662 1431 absolvenda
1702 1377 1880 1431 datur
1926 1377 2000 1431 ab
2040 1375 2347 1431 ordinario

91 1463 212 1531 bei
241 1468 304 1528 in
330 1483 448 1543 qno
472 1469 867 1525 consessiones
894 1468 1291 1536 excipiuntur,
1311 1467 1650 1537 jurisdictio
1675 1466 1748 1521 ad
1778 1466 2171 1522 absolvendas
2206 1480 2344 1522 cen·

99 1555 275 1620 dne
309 1559 487 1615 datur
524 1559 599 1615 ab
641 1556 952 1613 Ordinario
994 1558 1092 1629 qui
1137 1572 1445 1612 censuram
1488 1557 1777 1626 irrogavit
1815 1555 1873 1626 (ἓ
1898 1557 2027 1619 336.
2051 1558 2123 1627 2).

0 1710 3 1713 ,
173 1649 306 1708 342.
333 1648 515 1705 Porro
540 1649 728 1703 omnis
758 1647 1080 1703 reservatio
1113 1648 1311 1701 odiosa
1354 1649 1463 1710 est,
1505 1646 1635 1702 ideo
1674 1649 1943 1702 strictam
1989 1647 2338 1717 interpreta-

0 1754 7 1810 ζ
102 1741 325 1799 tionem
378 1739 621 1810 recipit;
670 1740 1047 1810 quamobrem
1100 1738 1229 1792 heic
1275 1737 1534 1806 aptanda
1585 1741 1724 1792 suut
1778 1752 1933 1808 quae
1974 1737 2231 1792 diximus
2270 1734 2344 1791 de

101 1827 388 1888 censuris.
426 1829 634 1900 Itaque
675 1829 698 1883 Ι
742 1832 986 1899 peccata
1027 1828 1157 1883 heic
1197 1841 1427 1898 quoque
1467 1827 1784 1883 aestimare
1825 1829 2073 1897 oportet.
2117 1841 2230 1881 non
2271 1840 2346 1881 ex

103 2140 299 2189 m
329 2151 379 2187 n.
408 2138 503 2184 735
538 2136 751 2186 Salmat.
783 2138 851 2193 18,
882 2141 926 2189 4.
947 2136 990 2182 9.
1016 2137 1174 2190 Alias,

101 2209 373 2260 absolutm
406 2209 459 2256 in
491 2209 598 2257 soro
637 2213 847 2255 externo
878 2222 909 2255 a
940 2220 1174 2259 censura,

103 2283 159 2332 h
197 2281 304 2330 bro
341 2279 700 2329 eecrementali
750 2278 813 2325 ab
852 2278 1172 2325 inferioribus

102 2350 430 2403 anahem-iis
477 2350 671 2399 absolvi
727 2351 986 2412 nequiret;
1041 2349 1175 2411 quod

100 2424 381 2488 perdurum
418 2424 633 2470 videtur.

162 2494 351 2544 Priorie
363 2495 647 2542 untentiae
668 2496 887 2542 rationes
910 2494 1004 2541 hae
1026 2498 1174 2540 sunt:

84 2626 86 2629 .
111 2564 161 2614 t·
186 2564 366 2618 Verba.
385 2565 570 2627 quibus
594 2567 961 2613 reses-vationes
991 2565 1076 2627 huj
1090 2579 1176 2612 us-

106 2636 243 2687 undi
275 2637 489 2700 exprimi
515 2637 681 2684 solent
703 2641 751 2683 in
790 2637 990 2684 tabellis
1018 2650 1172 2683 reser·

0 2749 5 2781 ;
104 2709 384 2759 vationum.
442 2707 576 2755 idest
610 2734 630 2745 ·
674 2710 840 2757 Cam
896 2711 1178 2765 reservati,

104 2781 295 2846 quibus
325 2784 401 2830 ed
433 2791 649 2828 annexa
687 2782 1175 2828 excurtamunicatio.

0 2832 12 2922 ἱ
103 2849 159 2901 2·
177 2850 325 2901 rint·
344 2853 720 2899 reservationis.
754 2866 931 2914 nempe
966 2863 1023 2898 ut
1050 2857 1175 2900 haec

105 2920 181 2973 dt
206 2923 412 2984 gravior
441 2924 648 2982 (Croix)
683 2923 781 2971 Sed
818 2926 1037 2985 primum
1078 2938 1174 2971 non

0 3012 1 3015 ¹
79 2994 272 3056 ,ηκς
296 3006 415 3043 nam
447 2998 499 3042 et
532 3006 702 3043 naxus
719 2997 944 3052 φίρηονι·
972 2996 1179 3052 fundus

108 3063 295 3127 injure
324 3064 515 3112 dicitur
545 3064 621 3117 (L.
644 3066 687 3112 2.
711 3067 785 3114 De
813 3070 990 3114 Curat
1014 3067 1179 3124 furio.

110 3133 279 3189 ἀοι),
305 3139 359 3182 et
387 3149 470 3183 ree
495 3139 706 3195 pronora·
730 3149 908 3185 risun
938 3138 1180 3183 dicuntur

112 3203 190 3260 (L.
220 3204 283 3252 22
322 3202 553 3255 Delure
581 3206 766 3262 Pactu
798 3213 849 3254 et
889 3223 1034 3254 nemo
1070 3222 1183 3268 pro·

112 3274 244 3323 lecto
262 3274 497 3332 fundum,
530 3277 608 3324 vel
633 3291 753 3329 rem.
779 3282 1074 3326 accessoria
1110 3280 1180 3339 pi-

111 3346 258 3409 gnori
278 3345 483 3394 dixerit.
507 3348 733 3395 Alterum
768 3354 847 3396 cst
872 3349 1184 3410 perdifficile.

113 3420 166 3464 et
196 3418 284 3465 vix
316 3430 414 3464 non
447 3417 752 3472 absurdumz
785 3433 901 3466 nam
935 3432 1063 3480 quae
1099 3434 1177 3466 re·

113 3493 384 3535 ansatur
409 3488 461 3536 R.
491 3489 539 3536 Ρ.
568 3489 660 3536 illa
687 3491 860 3551 procul
889 3491 1039 3538 dubio
1069 3506 1181 3551 gra·

116 3558 258 3605 viora
286 3560 540 3607 comoda
571 3568 715 3612 sunt:
756 3575 875 3622 ergo
912 3575 974 3608 ne
1013 3565 1184 3609 mitior

115 3627 172 3676 in
208 3628 293 3676 hie
328 3629 637 3677 reservatio?
681 3631 837 3691 Finge
873 3632 1179 3694 Episcopum

115 3703 683 3751 excommunicationem
717 3705 899 3752 tulisse
937 3706 1183 3753 adversus

116 3782 205 3820 σοι
234 3773 323 3834 qui
363 3772 611 3821 violentes
650 3788 833 3822 manus
866 3777 1099 3838 injiciunt
1132 3777 1183 3824 in

79 1919 407 1994 ‚meantis
444 1919 715 1989 opinione
759 1920 849 1973 vel
883 1919 1230 1982 intentione,
1259 1918 1360 1973 sed
1391 1933 1465 1972 ex
1497 1918 1688 1988 reipsa
1730 1920 1783 1987 (ἓ
1816 1919 1944 1982 296,
1978 1918 2056 1989 3).
2092 1918 2157 1972 11.
2195 1915 2342 1972 Cum

1277 2150 1362 2184 eos
1387 2138 1491 2197 qui.
1514 2137 1737 2183 nondum
1774 2145 2034 2183 tonsuram
2072 2136 2258 2196 adepti,
2293 2135 2345 2182 in

1277 2207 1455 2255 habitu
1489 2208 1707 2255 clericali
1744 2208 1998 2260 incedunt,
2034 2211 2084 2253 et
2115 2205 2344 2254 ecclesiis

1277 2281 1584 2326 inserviunt:
1618 2293 1799 2339 ergone
1835 2282 1893 2332 is,
1914 2281 1998 2340 qui
2029 2278 2342 2325 sacerdotem

1277 2352 1545 2412 percussit,
1563 2353 1607 2396 si
1631 2351 1679 2396 id
1702 2351 1938 2410 ignorans
1957 2350 2091 2403 fecit,
2105 2354 2195 2396 aut
2211 2361 2348 2396 com·

1278 2422 1460 2484 pulsus
1503 2429 1639 2468 metu
1677 2423 1836 2482 gravi,
1886 2421 1959 2467 vel
2005 2420 2067 2467 ab
2099 2421 2346 2482 Episcopo

1278 2497 1329 2540 in
1365 2495 1468 2541 foro
1491 2499 1700 2540 externo
1725 2493 1992 2540 absolutus
2026 2492 2138 2543 ruit.
2168 2506 2198 2540 e
2227 2504 2352 2552 quo-

1277 2579 1495 2627 cumque
1544 2566 1850 2613 confessario
1898 2566 2083 2625 poterit
2126 2562 2349 2610 absolvi:

1278 2641 1363 2700 qui
1400 2638 1653 2699 percussit
1686 2637 1902 2697 aliquem
1934 2650 1994 2682 ex
2020 2636 2101 2682 bis
2134 2634 2350 2695 pseudo-

1279 2710 1477 2757 clericis
1499 2722 1596 2755 non
1617 2706 1771 2755 item'e
1793 2708 2077 2768 Utcumque
2092 2706 2347 2752 sententia

1282 2786 1454 2827 nostra
1485 2781 1627 2841 gravi
1656 2780 1877 2841 profecto
1911 2785 2019 2824 tum
2056 2779 2352 2830 intrinsece,

1282 2857 1389 2899 tum
1425 2854 1710 2898 extrinseca
1744 2850 2098 2912 probabilitate
2131 2862 2228 2895 non
2261 2861 2348 2896 ce-

1282 2930 1380 2971 ret:
1427 2924 1568 2985 atqui
1614 2925 1703 2969 lioc
1746 2925 1874 2969 satis
1923 2922 2051 2975 heic,
2094 2932 2347 2982 superque

1281 2999 1373 3042 est.
1399 2996 1475 3042 Ad
1513 2995 1635 3040 haec
1669 2994 1710 3037 V
1760 2999 1790 3050 g
1820 2994 1893 3040 80.
1928 2993 2003 3038 77.

1343 3068 1401 3112 26
1419 3067 1566 3112 Graff
1598 3066 1701 3112 Lib.
1728 3065 1764 3117 1.
1788 3066 1908 3126 Cap.
1930 3064 2010 3115 lV,
2036 3079 2081 3111 n.
2103 3065 2184 3120 47;
2204 3063 2351 3127 Lugo

1284 3138 1392 3185 Par.
1427 3136 1462 3183 1.
1497 3136 1623 3183 Dist.
1659 3136 1719 3183 11.
1758 3141 1861 3183 Art.
1899 3135 1933 3181 1.
1971 3135 2157 3191 Diff.'1.
2188 3149 2236 3183 n.
2267 3137 2311 3183 5.

1345 3210 1401 3253 27
1420 3208 1492 3256 Ct'.
1514 3208 1685 3267 Lnyrn.
1701 3210 1734 3255 h
1770 3213 1800 3255 t.
1828 3206 1933 3259 vn.
1951 3211 1999 3261 ⁴.
2019 3221 2065 3254 v.
2088 3210 2258 3256 Aeeer.
2274 3205 2352 3258 tv,

1285 3280 1371 3341 qui
1397 3294 1482 3325 eas
1515 3285 1773 3339 comparat
1803 3282 1997 3333 (Aeser.
2020 3277 2088 3337 11)
2120 3278 2352 3325 censuris

1286 3352 1404 3398 latis
1443 3351 1603 3397 officio
1640 3350 1846 3411 judicis.
1884 3350 1960 3397 Ex
1993 3363 2094 3412 quo
2135 3354 2286 3410 patet,
2320 3362 2352 3395 a
2387 3403 2389 3407 ¹

1285 3423 1515 3470 censuris
1564 3435 1662 3468 non
1711 3423 1998 3469 reservatis.
2036 3421 2254 3468 incursis
2297 3420 2348 3466 in

1286 3493 1449 3540 aliena
1481 3491 1713 3546 dioecesi.
1747 3506 1895 3555 posse
1922 3489 2358 3554 proprium-Ordi-

1287 3565 1503 3617 narium‚
1519 3570 1570 3609 et
1588 3564 1650 3611 ab
1668 3565 1890 3611 incursis
1915 3566 1965 3611 in
1991 3564 2191 3624 propria
2206 3560 2349 3608 dioe-

1286 3636 1389 3682 cesi
1438 3647 1585 3695 posse
1617 3634 1941 3684 ordinarium
1977 3634 2167 3681 alienae
2206 3631 2347 3678 dioe-

1286 3706 1433 3758 cesis.
1450 3707 1501 3752 in
1520 3717 1622 3766 qua
1644 3707 1760 3767 quis
1788 3706 2074 3759 confltetur,
2095 3701 2355 3751 absolvere

1292 3775 1467 3836 (Tolet.
1495 3774 1533 3831 1,
1571 3778 1639 3831 17,
1671 3790 1753 3823 nn.
1786 3778 1830 3831 6,
1863 3779 1928 3837 7).
