<?xml version="1.0" encoding="UTF-8"?>
<!DOCTYPE html PUBLIC "-//W3C//DTD XHTML 1.0 Transitional//EN"
    "http://www.w3.org/TR/xhtml1/DTD/xhtml1-transitional.dtd">
<html xmlns="http://www.w3.org/1999/xhtml" xml:lang="en" lang="en">
 <head>
  <title>
</title>
<meta http-equiv="Content-Type" content="text/html;charset=utf-8" />
  <meta name='ocr-system' content='tesseract 3.04.00' />
  <meta name='ocr-capabilities' content='ocr_page ocr_carea ocr_par ocr_line ocrx_word'/>
</head>
<body>
  <div class='ocr_page' id='page_1' title='image "./summulatheologia01anni_0086.png"; bbox 0 0 2548 4042; ppageno 0'>
   <div class='ocr_carea' id='block_1_1' title="bbox 182 3 2548 203">
    <p class='ocr_par' dir='ltr' id='par_1_1' title="bbox 182 3 2548 203">
     <span class='ocr_line' id='line_1_1' title="bbox 184 3 2471 114; baseline -0.007 -21"><span class='ocrx_word' id='word_1_1' title='bbox 184 26 254 84; x_wconf 88' lang='grc'>76</span> <span class='ocrx_word' id='word_1_2' title='bbox 588 46 712 85; x_wconf 62' lang='lat' dir='ltr'>»aas</span> <span class='ocrx_word' id='word_1_3' title='bbox 747 45 903 85; x_wconf 74' lang='lat' dir='ltr'>ram</span> <span class='ocrx_word' id='word_1_4' title='bbox 924 57 953 70; x_wconf 93' lang='lat'>-</span> <span class='ocrx_word' id='word_1_5' title='bbox 979 19 1351 85; x_wconf 63' lang='grc' dir='ltr'>ιηιοιισοιὲκι</span> <span class='ocrx_word' id='word_1_6' title='bbox 1373 54 1399 69; x_wconf 84' lang='grc'><em>·</em></span> <span class='ocrx_word' id='word_1_7' title='bbox 1426 42 1599 84; x_wconf 60' lang='lat' dir='ltr'>macr.</span> <span class='ocrx_word' id='word_1_8' title='bbox 1622 42 1655 83; x_wconf 73' lang='grc' dir='ltr'>ι.</span> <span class='ocrx_word' id='word_1_9' title='bbox 1681 40 1747 84; x_wconf 71' lang='lat' dir='ltr'>nt</span> <span class='ocrx_word' id='word_1_10' title='bbox 1780 3 2019 86; x_wconf 66' lang='lat' dir='ltr'>masonis</span> <span class='ocrx_word' id='word_1_11' title='bbox 2223 32 2306 62; x_wconf 61' lang='lat'><em>³</em></span> <span class='ocrx_word' id='word_1_12' title='bbox 2455 101 2471 114; x_wconf 42' lang='lat'>.&gt;</span> 
     </span>
     <span class='ocr_line' id='line_1_2' title="bbox 182 111 2548 203; baseline -0.002 -18"><span class='ocrx_word' id='word_1_13' title='bbox 182 129 511 201; x_wconf 85' lang='lat' dir='ltr'>Unicuique</span> <span class='ocrx_word' id='word_1_14' title='bbox 532 131 730 186; x_wconf 86' lang='lat' dir='ltr'>autem</span> <span class='ocrx_word' id='word_1_15' title='bbox 750 130 852 198; x_wconf 90' lang='lat' dir='ltr'>jus</span> <span class='ocrx_word' id='word_1_16' title='bbox 880 131 975 184; x_wconf 90' lang='lat' dir='ltr'>est</span> <span class='ocrx_word' id='word_1_17' title='bbox 1002 128 1357 199; x_wconf 86' lang='lat' dir='ltr'>ubicumque</span> <span class='ocrx_word' id='word_1_18' title='bbox 1385 126 1663 184; x_wconf 87' lang='lat' dir='ltr'>maluerit</span> <span class='ocrx_word' id='word_1_19' title='bbox 1689 125 2047 184; x_wconf 77' lang='lat' dir='ltr'><strong>domicilium</strong></span> <span class='ocrx_word' id='word_1_20' title='bbox 2070 125 2211 202; x_wconf 87' lang='grc'><strong>(28),</strong></span> <span class='ocrx_word' id='word_1_21' title='bbox 2230 111 2459 203; x_wconf 66' lang='lat' dir='ltr'>eoqua&#39;·</span> <span class='ocrx_word' id='word_1_22' title='bbox 2482 127 2548 198; x_wconf 57' lang='grc' dir='ltr'>’ἐξ</span> 
     </span>
    </p>
   </div>
   <div class='ocr_carea' id='block_1_2' title="bbox 2253 0 2548 65">
    <p class='ocr_par' dir='ltr' id='par_1_2' title="bbox 2253 0 2548 65">
     <span class='ocr_line' id='line_1_3' title="bbox 2253 0 2548 65; baseline 0.003 -44"><span class='ocrx_word' id='word_1_23' title='bbox 2253 0 2548 65; x_wconf 95' lang='lat' dir='ltr'>   </span> 
     </span>
    </p>
   </div>
   <div class='ocr_carea' id='block_1_3' title="bbox 2067 0 2466 98">
    <p class='ocr_par' dir='ltr' id='par_1_3' title="bbox 2067 0 2466 98">
     <span class='ocr_line' id='line_1_4' title="bbox 2067 0 2430 61; baseline 0.061 -20"><span class='ocrx_word' id='word_1_24' title='bbox 2067 0 2293 41; x_wconf 34' lang='grc' dir='ltr'>Ὗμγ-’Ἧῃήι</span> <span class='ocrx_word' id='word_1_25' title='bbox 2330 32 2345 44; x_wconf 79' lang='lat'>·›</span> <span class='ocrx_word' id='word_1_26' title='bbox 2367 35 2403 61; x_wconf 50' lang='lat' dir='ltr'>:er</span> <span class='ocrx_word' id='word_1_27' title='bbox 2414 35 2430 61; x_wconf 58' lang='grc' dir='ltr'>ι’(</span> 
     </span>
     <span class='ocr_line' id='line_1_5' title="bbox 2395 56 2466 98; baseline 0 -30"><span class='ocrx_word' id='word_1_28' title='bbox 2395 56 2412 68; x_wconf 65' lang='grc' dir='ltr'>Ν</span> <span class='ocrx_word' id='word_1_29' title='bbox 2426 68 2466 98; x_wconf 28' lang='lat' dir='ltr'>‘a&#39;</span> 
     </span>
    </p>
   </div>
   <div class='ocr_carea' id='block_1_4' title="bbox 176 215 2422 1006">
    <p class='ocr_par' dir='ltr' id='par_1_4' title="bbox 179 215 2422 470">
     <span class='ocr_line' id='line_1_6' title="bbox 182 215 2421 289; baseline 0.001 -15"><span class='ocrx_word' id='word_1_30' title='bbox 182 219 373 288; x_wconf 85' lang='lat' dir='ltr'>magis</span> <span class='ocrx_word' id='word_1_31' title='bbox 412 219 578 289; x_wconf 84' lang='lat' dir='ltr'>quasi</span> <span class='ocrx_word' id='word_1_32' title='bbox 620 217 999 282; x_wconf 86' lang='lat' dir='ltr'>domicilium,</span> <span class='ocrx_word' id='word_1_33' title='bbox 1042 216 1431 273; x_wconf 83' lang='lat' dir='ltr'>constituere:</span> <span class='ocrx_word' id='word_1_34' title='bbox 1477 216 1725 287; x_wconf 88' lang='lat' dir='ltr'>ideoque</span> <span class='ocrx_word' id='word_1_35' title='bbox 1768 215 1999 272; x_wconf 89' lang='lat' dir='ltr'>etiamsi</span> <span class='ocrx_word' id='word_1_36' title='bbox 2039 217 2316 276; x_wconf 86' lang='lat' dir='ltr'>videatur</span> <span class='ocrx_word' id='word_1_37' title='bbox 2363 217 2421 276; x_wconf 84' lang='lat' dir='ltr'>id</span> 
     </span>
     <span class='ocr_line' id='line_1_7' title="bbox 183 306 2422 378; baseline 0.001 -15"><span class='ocrx_word' id='word_1_38' title='bbox 183 309 376 364; x_wconf 82' lang='lat' dir='ltr'>facere</span> <span class='ocrx_word' id='word_1_39' title='bbox 399 308 456 362; x_wconf 90' lang='lat' dir='ltr'>iu</span> <span class='ocrx_word' id='word_1_40' title='bbox 483 308 743 362; x_wconf 82' lang='lat' dir='ltr'>fraudem</span> <span class='ocrx_word' id='word_1_41' title='bbox 766 306 1015 362; x_wconf 87' lang='lat' dir='ltr'>hominis</span> <span class='ocrx_word' id='word_1_42' title='bbox 1035 306 1304 377; x_wconf 77' lang='lat' dir='ltr'>alicujuS,</span> <span class='ocrx_word' id='word_1_43' title='bbox 1326 309 1431 362; x_wconf 84' lang='lat' dir='ltr'>aut</span> <span class='ocrx_word' id='word_1_44' title='bbox 1455 306 1605 376; x_wconf 86' lang='lat' dir='ltr'>legis</span> <span class='ocrx_word' id='word_1_45' title='bbox 1629 306 1760 378; x_wconf 88' lang='lat'>(29),</span> <span class='ocrx_word' id='word_1_46' title='bbox 1777 306 1917 378; x_wconf 89' lang='lat' dir='ltr'>quia</span> <span class='ocrx_word' id='word_1_47' title='bbox 1933 324 2076 362; x_wconf 76' lang='lat' dir='ltr'>mmo</span> <span class='ocrx_word' id='word_1_48' title='bbox 2097 307 2422 375; x_wconf 61' lang='lat' dir='ltr'>infr-audem</span> 
     </span>
     <span class='ocr_line' id='line_1_8' title="bbox 179 394 2134 470; baseline 0.001 -20"><span class='ocrx_word' id='word_1_49' title='bbox 179 400 301 466; x_wconf 72' lang='lat' dir='ltr'>ayic,</span> <span class='ocrx_word' id='word_1_50' title='bbox 328 400 420 467; x_wconf 75' lang='lat' dir='ltr'>qui</span> <span class='ocrx_word' id='word_1_51' title='bbox 454 414 547 450; x_wconf 72' lang='lat' dir='ltr'>seeo</span> <span class='ocrx_word' id='word_1_52' title='bbox 576 399 703 463; x_wconf 71' lang='lat' dir='ltr'>jare</span> <span class='ocrx_word' id='word_1_53' title='bbox 744 399 918 449; x_wconf 74' lang='lat' dir='ltr'>utitur</span> <span class='ocrx_word' id='word_1_54' title='bbox 947 396 1071 469; x_wconf 88' lang='grc'>(30).</span> <span class='ocrx_word' id='word_1_55' title='bbox 1103 396 1465 451; x_wconf 83' lang='lat' dir='ltr'>Domicilium</span> <span class='ocrx_word' id='word_1_56' title='bbox 1499 395 1797 451; x_wconf 81' lang='lat' dir='ltr'>subditum</span> <span class='ocrx_word' id='word_1_57' title='bbox 1839 396 1979 452; x_wconf 84' lang='lat' dir='ltr'>facit</span> <span class='ocrx_word' id='word_1_58' title='bbox 2005 394 2134 470; x_wconf 91' lang='lat'>(31).</span> 
     </span>
    </p>

    <p class='ocr_par' dir='ltr' id='par_1_5' title="bbox 176 482 2420 1006">
     <span class='ocr_line' id='line_1_9' title="bbox 254 482 2417 557; baseline 0.001 -17"><span class='ocrx_word' id='word_1_59' title='bbox 254 487 343 540; x_wconf 84' lang='grc'>86.</span> <span class='ocrx_word' id='word_1_60' title='bbox 373 486 596 540; x_wconf 87' lang='lat' dir='ltr'>Subditi</span> <span class='ocrx_word' id='word_1_61' title='bbox 630 486 816 554; x_wconf 85' lang='lat' dir='ltr'>igitur</span> <span class='ocrx_word' id='word_1_62' title='bbox 843 488 982 540; x_wconf 89' lang='lat' dir='ltr'>sunt</span> <span class='ocrx_word' id='word_1_63' title='bbox 1011 486 1170 541; x_wconf 90' lang='lat' dir='ltr'>cives</span> <span class='ocrx_word' id='word_1_64' title='bbox 1201 488 1262 541; x_wconf 89' lang='lat' dir='ltr'>et</span> <span class='ocrx_word' id='word_1_65' title='bbox 1298 485 1526 541; x_wconf 83' lang='lat' dir='ltr'>incolae</span> <span class='ocrx_word' id='word_1_66' title='bbox 1556 482 1707 557; x_wconf 82' lang='grc'><strong>(32);</strong></span> <span class='ocrx_word' id='word_1_67' title='bbox 1743 486 1846 541; x_wconf 92' lang='lat' dir='ltr'>sed</span> <span class='ocrx_word' id='word_1_68' title='bbox 1876 486 2035 542; x_wconf 86' lang='lat' dir='ltr'>cives</span> <span class='ocrx_word' id='word_1_69' title='bbox 2076 489 2417 557; x_wconf 84' lang='lat' dir='ltr'>praetereo;</span> 
     </span>
     <span class='ocr_line' id='line_1_10' title="bbox 181 574 2420 646; baseline 0.001 -16"><span class='ocrx_word' id='word_1_70' title='bbox 181 592 312 631; x_wconf 82' lang='lat' dir='ltr'>nam</span> <span class='ocrx_word' id='word_1_71' title='bbox 341 577 389 631; x_wconf 91' lang='lat' dir='ltr'>si</span> <span class='ocrx_word' id='word_1_72' title='bbox 421 577 478 631; x_wconf 93' lang='lat' dir='ltr'>in</span> <span class='ocrx_word' id='word_1_73' title='bbox 510 576 699 646; x_wconf 84' lang='lat' dir='ltr'>patria</span> <span class='ocrx_word' id='word_1_74' title='bbox 727 575 1084 630; x_wconf 88' lang='lat' dir='ltr'>domicilium</span> <span class='ocrx_word' id='word_1_75' title='bbox 1115 575 1397 638; x_wconf 81' lang='lat' dir='ltr'>retinent,</span> <span class='ocrx_word' id='word_1_76' title='bbox 1429 574 1778 638; x_wconf 78' lang='lat' dir='ltr'>incolarum3</span> <span class='ocrx_word' id='word_1_77' title='bbox 1803 575 1911 639; x_wconf 89' lang='lat' dir='ltr'>sin,</span> <span class='ocrx_word' id='word_1_78' title='bbox 1945 591 2016 631; x_wconf 85' lang='lat' dir='ltr'>ea</span> <span class='ocrx_word' id='word_1_79' title='bbox 2044 575 2271 641; x_wconf 84' lang='lat' dir='ltr'>relicta,</span> <span class='ocrx_word' id='word_1_80' title='bbox 2300 576 2420 633; x_wconf 84' lang='lat' dir='ltr'>alio</span> 
     </span>
     <span class='ocr_line' id='line_1_11' title="bbox 176 664 2419 737; baseline 0 -16"><span class='ocrx_word' id='word_1_81' title='bbox 176 667 589 730; x_wconf 90' lang='lat' dir='ltr'>discesserunt,</span> <span class='ocrx_word' id='word_1_82' title='bbox 620 666 1060 736; x_wconf 86' lang='lat' dir='ltr'>peregrinorum</span> <span class='ocrx_word' id='word_1_83' title='bbox 1082 667 1219 734; x_wconf 85' lang='lat' dir='ltr'>jure</span> <span class='ocrx_word' id='word_1_84' title='bbox 1248 668 1583 721; x_wconf 78' lang='lat' dir='ltr'>censentur.</span> <span class='ocrx_word' id='word_1_85' title='bbox 1615 664 1725 720; x_wconf 89' lang='lat' dir='ltr'>Sed</span> <span class='ocrx_word' id='word_1_86' title='bbox 1769 669 1830 719; x_wconf 91' lang='lat' dir='ltr'>et</span> <span class='ocrx_word' id='word_1_87' title='bbox 1867 666 2099 722; x_wconf 84' lang='lat' dir='ltr'>advena</span> <span class='ocrx_word' id='word_1_88' title='bbox 2129 668 2257 737; x_wconf 87' lang='lat' dir='ltr'>ejus</span> <span class='ocrx_word' id='word_1_89' title='bbox 2285 666 2419 732; x_wconf 86' lang='lat' dir='ltr'>loci,</span> 
     </span>
     <span class='ocr_line' id='line_1_12' title="bbox 179 753 2420 829; baseline 0.001 -18"><span class='ocrx_word' id='word_1_90' title='bbox 179 757 274 811; x_wconf 86' lang='lat' dir='ltr'>ubi</span> <span class='ocrx_word' id='word_1_91' title='bbox 317 756 483 827; x_wconf 85' lang='lat' dir='ltr'>quasi</span> <span class='ocrx_word' id='word_1_92' title='bbox 530 756 878 810; x_wconf 88' lang='lat' dir='ltr'>domicilium</span> <span class='ocrx_word' id='word_1_93' title='bbox 914 756 1086 818; x_wconf 84' lang='lat' dir='ltr'>fovet,</span> <span class='ocrx_word' id='word_1_94' title='bbox 1110 757 1349 809; x_wconf 76' lang='lat' dir='ltr'>subditus</span> <span class='ocrx_word' id='word_1_95' title='bbox 1379 753 1515 826; x_wconf 85' lang='lat'>(33),</span> <span class='ocrx_word' id='word_1_96' title='bbox 1547 758 1606 810; x_wconf 92' lang='lat' dir='ltr'>et</span> <span class='ocrx_word' id='word_1_97' title='bbox 1634 756 1996 809; x_wconf 75' lang='lat' dir='ltr'>Paroohianus</span> <span class='ocrx_word' id='word_1_98' title='bbox 2022 754 2135 829; x_wconf 83' lang='grc'><strong>(34)</strong></span> <span class='ocrx_word' id='word_1_99' title='bbox 2180 756 2420 813; x_wconf 77' lang='lat' dir='ltr'>interim</span> 
     </span>
     <span class='ocr_line' id='line_1_13' title="bbox 178 843 2419 915; baseline 0.001 -14"><span class='ocrx_word' id='word_1_100' title='bbox 178 860 307 901; x_wconf 90' lang='lat' dir='ltr'>esse</span> <span class='ocrx_word' id='word_1_101' title='bbox 350 845 722 915; x_wconf 84' lang='lat' dir='ltr'>intelligitur.</span> <span class='ocrx_word' id='word_1_102' title='bbox 759 846 995 915; x_wconf 81' lang='lat' dir='ltr'>Nempe,</span> <span class='ocrx_word' id='word_1_103' title='bbox 1018 846 1155 914; x_wconf 89' lang='lat' dir='ltr'>jure</span> <span class='ocrx_word' id='word_1_104' title='bbox 1198 843 1498 908; x_wconf 80' lang='lat' dir='ltr'>canonice,</span> <span class='ocrx_word' id='word_1_105' title='bbox 1527 845 1696 898; x_wconf 77' lang='lat' dir='ltr'>incola</span> <span class='ocrx_word' id='word_1_106' title='bbox 1726 844 2003 915; x_wconf 85' lang='lat' dir='ltr'>quamdiu</span> <span class='ocrx_word' id='word_1_107' title='bbox 2041 845 2419 912; x_wconf 90' lang='lat' dir='ltr'>domicilium,</span> 
     </span>
     <span class='ocr_line' id='line_1_14' title="bbox 176 933 2418 1006; baseline 0.002 -18"><span class='ocrx_word' id='word_1_108' title='bbox 176 937 372 991; x_wconf 76' lang='lat' dir='ltr'>advena</span> <span class='ocrx_word' id='word_1_109' title='bbox 396 935 675 1006; x_wconf 82' lang='lat' dir='ltr'>quamdiu</span> <span class='ocrx_word' id='word_1_110' title='bbox 704 935 868 1005; x_wconf 83' lang='lat' dir='ltr'>quasi</span> <span class='ocrx_word' id='word_1_111' title='bbox 898 934 1254 990; x_wconf 87' lang='lat' dir='ltr'>domicilium</span> <span class='ocrx_word' id='word_1_112' title='bbox 1284 934 1483 990; x_wconf 86' lang='lat' dir='ltr'>fovent</span> <span class='ocrx_word' id='word_1_113' title='bbox 1513 933 1572 988; x_wconf 92' lang='lat' dir='ltr'>in</span> <span class='ocrx_word' id='word_1_114' title='bbox 1604 934 1727 988; x_wconf 92' lang='lat' dir='ltr'>loco</span> <span class='ocrx_word' id='word_1_115' title='bbox 1757 934 2162 999; x_wconf 84' lang='lat' dir='ltr'>habitationis;</span> <span class='ocrx_word' id='word_1_116' title='bbox 2187 937 2247 991; x_wconf 90' lang='lat' dir='ltr'>et</span> <span class='ocrx_word' id='word_1_117' title='bbox 2273 936 2418 993; x_wconf 87' lang='lat' dir='ltr'>tunc</span> 
     </span>
    </p>
   </div>
   <div class='ocr_carea' id='block_1_5' title="bbox 161 1154 1247 3768">
    <p class='ocr_par' dir='ltr' id='par_1_6' title="bbox 173 1154 1247 1781">
     <span class='ocr_line' id='line_1_15' title="bbox 176 1154 1245 1217; baseline -0.001 -15"><span class='ocrx_word' id='word_1_118' title='bbox 176 1156 497 1217; x_wconf 81' lang='lat' dir='ltr'>intelligitur,</span> <span class='ocrx_word' id='word_1_119' title='bbox 532 1158 627 1203; x_wconf 91' lang='lat' dir='ltr'>etsi</span> <span class='ocrx_word' id='word_1_120' title='bbox 662 1156 994 1203; x_wconf 87' lang='lat' dir='ltr'>destinaverit</span> <span class='ocrx_word' id='word_1_121' title='bbox 1014 1168 1114 1215; x_wconf 91' lang='lat' dir='ltr'>quo</span> <span class='ocrx_word' id='word_1_122' title='bbox 1137 1154 1245 1203; x_wconf 91' lang='lat' dir='ltr'>loco</span> 
     </span>
     <span class='ocr_line' id='line_1_16' title="bbox 178 1226 1244 1287; baseline 0.001 -16"><span class='ocrx_word' id='word_1_123' title='bbox 178 1226 300 1274; x_wconf 85' lang='lat' dir='ltr'>velit</span> <span class='ocrx_word' id='word_1_124' title='bbox 333 1232 574 1287; x_wconf 86' lang='lat' dir='ltr'>perpetuo</span> <span class='ocrx_word' id='word_1_125' title='bbox 613 1227 907 1280; x_wconf 88' lang='lat' dir='ltr'>consistere,</span> <span class='ocrx_word' id='word_1_126' title='bbox 944 1240 1044 1273; x_wconf 90' lang='lat' dir='ltr'>non</span> <span class='ocrx_word' id='word_1_127' title='bbox 1078 1226 1244 1273; x_wconf 91' lang='lat' dir='ltr'>solum</span> 
     </span>
     <span class='ocr_line' id='line_1_17' title="bbox 175 1296 1244 1358; baseline 0.001 -16"><span class='ocrx_word' id='word_1_128' title='bbox 175 1296 296 1343; x_wconf 92' lang='lat' dir='ltr'>dum</span> <span class='ocrx_word' id='word_1_129' title='bbox 316 1311 431 1343; x_wconf 92' lang='lat' dir='ltr'>eum</span> <span class='ocrx_word' id='word_1_130' title='bbox 450 1298 618 1344; x_wconf 89' lang='lat' dir='ltr'>locum</span> <span class='ocrx_word' id='word_1_131' title='bbox 637 1298 778 1358; x_wconf 90' lang='lat' dir='ltr'>petit,</span> <span class='ocrx_word' id='word_1_132' title='bbox 798 1298 886 1343; x_wconf 85' lang='lat' dir='ltr'>sed</span> <span class='ocrx_word' id='word_1_133' title='bbox 907 1300 957 1343; x_wconf 90' lang='lat' dir='ltr'>et</span> <span class='ocrx_word' id='word_1_134' title='bbox 974 1301 1244 1358; x_wconf 83' lang='lat' dir='ltr'>postquam</span> 
     </span>
     <span class='ocr_line' id='line_1_18' title="bbox 178 1367 1246 1428; baseline 0.001 -15"><span class='ocrx_word' id='word_1_135' title='bbox 178 1381 235 1414; x_wconf 91' lang='lat' dir='ltr'>eo</span> <span class='ocrx_word' id='word_1_136' title='bbox 267 1367 541 1421; x_wconf 83' lang='lat' dir='ltr'>devenerit,</span> <span class='ocrx_word' id='word_1_137' title='bbox 569 1368 734 1428; x_wconf 87' lang='lat' dir='ltr'>quoad</span> <span class='ocrx_word' id='word_1_138' title='bbox 768 1382 825 1415; x_wconf 90' lang='lat' dir='ltr'>eo</span> <span class='ocrx_word' id='word_1_139' title='bbox 861 1382 1034 1414; x_wconf 85' lang='lat' dir='ltr'>revera</span> <span class='ocrx_word' id='word_1_140' title='bbox 1077 1368 1246 1414; x_wconf 81' lang='lat' dir='ltr'>fixerit</span> 
     </span>
     <span class='ocr_line' id='line_1_19' title="bbox 177 1437 1245 1498; baseline -0.001 -14"><span class='ocrx_word' id='word_1_141' title='bbox 177 1437 509 1492; x_wconf 90' lang='lat' dir='ltr'>domicilium,</span> <span class='ocrx_word' id='word_1_142' title='bbox 534 1443 622 1484; x_wconf 90' lang='lat' dir='ltr'>aut</span> <span class='ocrx_word' id='word_1_143' title='bbox 650 1439 796 1498; x_wconf 91' lang='lat' dir='ltr'>quasi</span> <span class='ocrx_word' id='word_1_144' title='bbox 830 1439 1010 1485; x_wconf 88' lang='lat' dir='ltr'>domic.</span> <span class='ocrx_word' id='word_1_145' title='bbox 1045 1437 1245 1492; x_wconf 88' lang='lat' dir='ltr'>(Sanch.</span> 
     </span>
     <span class='ocr_line' id='line_1_20' title="bbox 177 1507 1245 1567; baseline -0.001 -12"><span class='ocrx_word' id='word_1_146' title='bbox 177 1508 243 1556; x_wconf 78' lang='lat' dir='ltr'>M.</span> <span class='ocrx_word' id='word_1_147' title='bbox 274 1509 344 1565; x_wconf 90' lang='lat'>111,</span> <span class='ocrx_word' id='word_1_148' title='bbox 375 1509 451 1564; x_wconf 75' lang='lat'>25,</span> <span class='ocrx_word' id='word_1_149' title='bbox 474 1511 527 1565; x_wconf 90' lang='lat'>3;</span> <span class='ocrx_word' id='word_1_150' title='bbox 562 1509 811 1556; x_wconf 90' lang='lat' dir='ltr'>Schmalz.</span> <span class='ocrx_word' id='word_1_151' title='bbox 845 1509 877 1556; x_wconf 91' lang='lat' dir='ltr'>l.</span> <span class='ocrx_word' id='word_1_152' title='bbox 909 1511 986 1567; x_wconf 89' lang='lat' dir='ltr'>c.).</span> <span class='ocrx_word' id='word_1_153' title='bbox 1010 1510 1091 1563; x_wconf 86' lang='lat' dir='ltr'>Et,</span> <span class='ocrx_word' id='word_1_154' title='bbox 1114 1509 1158 1555; x_wconf 88' lang='lat' dir='ltr'>si</span> <span class='ocrx_word' id='word_1_155' title='bbox 1177 1507 1245 1554; x_wconf 90' lang='lat' dir='ltr'>ibi</span> 
     </span>
     <span class='ocr_line' id='line_1_21' title="bbox 180 1579 1245 1641; baseline -0.001 -15"><span class='ocrx_word' id='word_1_156' title='bbox 180 1579 349 1639; x_wconf 90' lang='lat' dir='ltr'>plures</span> <span class='ocrx_word' id='word_1_157' title='bbox 373 1584 551 1627; x_wconf 88' lang='lat' dir='ltr'>extant</span> <span class='ocrx_word' id='word_1_158' title='bbox 573 1581 858 1637; x_wconf 85' lang='lat' dir='ltr'>Parochiae,</span> <span class='ocrx_word' id='word_1_159' title='bbox 879 1580 1127 1641; x_wconf 77' lang='lat' dir='ltr'>quamdiu</span> <span class='ocrx_word' id='word_1_160' title='bbox 1145 1592 1245 1625; x_wconf 91' lang='lat' dir='ltr'>non</span> 
     </span>
     <span class='ocr_line' id='line_1_22' title="bbox 175 1651 1247 1712; baseline 0 -16"><span class='ocrx_word' id='word_1_161' title='bbox 175 1651 522 1704; x_wconf 82' lang='lat' dir='ltr'>destinaverit,</span> <span class='ocrx_word' id='word_1_162' title='bbox 541 1664 641 1711; x_wconf 91' lang='lat' dir='ltr'>qua</span> <span class='ocrx_word' id='word_1_163' title='bbox 660 1652 804 1698; x_wconf 88' lang='lat' dir='ltr'>malit</span> <span class='ocrx_word' id='word_1_164' title='bbox 822 1651 993 1698; x_wconf 90' lang='lat' dir='ltr'>sedem</span> <span class='ocrx_word' id='word_1_165' title='bbox 1012 1652 1178 1712; x_wconf 85' lang='lat' dir='ltr'>figere,</span> <span class='ocrx_word' id='word_1_166' title='bbox 1197 1653 1247 1696; x_wconf 87' lang='lat' dir='ltr'>et</span> 
     </span>
     <span class='ocr_line' id='line_1_23' title="bbox 173 1722 1245 1781; baseline 0.001 -14"><span class='ocrx_word' id='word_1_167' title='bbox 173 1722 226 1767; x_wconf 90' lang='lat' dir='ltr'>in</span> <span class='ocrx_word' id='word_1_168' title='bbox 247 1735 305 1767; x_wconf 89' lang='lat' dir='ltr'>ea</span> <span class='ocrx_word' id='word_1_169' title='bbox 321 1735 495 1768; x_wconf 89' lang='lat' dir='ltr'>revera</span> <span class='ocrx_word' id='word_1_170' title='bbox 512 1722 684 1768; x_wconf 91' lang='lat' dir='ltr'>sedem</span> <span class='ocrx_word' id='word_1_171' title='bbox 708 1723 877 1769; x_wconf 84' lang='lat' dir='ltr'>fixerit</span> <span class='ocrx_word' id='word_1_172' title='bbox 894 1723 1095 1779; x_wconf 90' lang='lat' dir='ltr'>(Sanch.</span> <span class='ocrx_word' id='word_1_173' title='bbox 1116 1736 1163 1768; x_wconf 91' lang='lat' dir='ltr'>n.</span> <span class='ocrx_word' id='word_1_174' title='bbox 1182 1724 1245 1781; x_wconf 83' lang='lat'>4).</span> 
     </span>
    </p>

    <p class='ocr_par' dir='ltr' id='par_1_7' title="bbox 162 1792 1244 3480">
     <span class='ocr_line' id='line_1_24' title="bbox 236 1792 1244 1854; baseline 0.004 -17"><span class='ocrx_word' id='word_1_175' title='bbox 236 1792 422 1838; x_wconf 87' lang='lat' dir='ltr'>Iuverit</span> <span class='ocrx_word' id='word_1_176' title='bbox 466 1807 601 1839; x_wconf 89' lang='lat' dir='ltr'>nunc</span> <span class='ocrx_word' id='word_1_177' title='bbox 645 1793 706 1839; x_wconf 87' lang='lat' dir='ltr'>de</span> <span class='ocrx_word' id='word_1_178' title='bbox 751 1794 1002 1841; x_wconf 88' lang='lat' dir='ltr'>militibus</span> <span class='ocrx_word' id='word_1_179' title='bbox 1048 1794 1244 1854; x_wconf 90' lang='lat' dir='ltr'>aliquid</span> 
     </span>
     <span class='ocr_line' id='line_1_25' title="bbox 178 1862 1238 1926; baseline 0.005 -18"><span class='ocrx_word' id='word_1_180' title='bbox 178 1862 377 1909; x_wconf 81' lang='lat' dir='ltr'>addere.</span> <span class='ocrx_word' id='word_1_181' title='bbox 419 1863 483 1909; x_wconf 94' lang='lat' dir='ltr'>Hi</span> <span class='ocrx_word' id='word_1_182' title='bbox 527 1865 605 1910; x_wconf 84' lang='lat' dir='ltr'>vel</span> <span class='ocrx_word' id='word_1_183' title='bbox 655 1865 925 1920; x_wconf 89' lang='lat' dir='ltr'>curionem,</span> <span class='ocrx_word' id='word_1_184' title='bbox 963 1866 1238 1926; x_wconf 86' lang='lat' dir='ltr'>(cappella-</span> 
     </span>
     <span class='ocr_line' id='line_1_26' title="bbox 177 1933 1242 1992; baseline 0.004 -13"><span class='ocrx_word' id='word_1_185' title='bbox 177 1935 319 1992; x_wconf 86' lang='lat' dir='ltr'>num)</span> <span class='ocrx_word' id='word_1_186' title='bbox 353 1933 556 1991; x_wconf 90' lang='lat' dir='ltr'>habent,</span> <span class='ocrx_word' id='word_1_187' title='bbox 587 1935 663 1981; x_wconf 89' lang='lat' dir='ltr'>vel</span> <span class='ocrx_word' id='word_1_188' title='bbox 690 1938 870 1982; x_wconf 90' lang='lat' dir='ltr'>minus.</span> <span class='ocrx_word' id='word_1_189' title='bbox 895 1936 947 1983; x_wconf 91' lang='lat' dir='ltr'>Si</span> <span class='ocrx_word' id='word_1_190' title='bbox 971 1937 1175 1992; x_wconf 83' lang='lat' dir='ltr'>habent,</span> <span class='ocrx_word' id='word_1_191' title='bbox 1200 1938 1242 1983; x_wconf 90' lang='lat' dir='ltr'>is</span> 
     </span>
     <span class='ocr_line' id='line_1_27' title="bbox 172 2006 1241 2068; baseline 0.005 -18"><span class='ocrx_word' id='word_1_192' title='bbox 172 2009 251 2050; x_wconf 89' lang='lat' dir='ltr'>est</span> <span class='ocrx_word' id='word_1_193' title='bbox 313 2006 461 2065; x_wconf 88' lang='lat' dir='ltr'>quasi</span> <span class='ocrx_word' id='word_1_194' title='bbox 525 2006 776 2066; x_wconf 78' lang='lat' dir='ltr'>parochus</span> <span class='ocrx_word' id='word_1_195' title='bbox 831 2009 941 2068; x_wconf 76' lang='lat' dir='ltr'>eJus</span> <span class='ocrx_word' id='word_1_196' title='bbox 1007 2008 1241 2055; x_wconf 86' lang='lat' dir='ltr'>cohortis.</span> 
     </span>
     <span class='ocr_line' id='line_1_28' title="bbox 174 2075 1240 2135; baseline 0.005 -15"><span class='ocrx_word' id='word_1_197' title='bbox 174 2075 369 2135; x_wconf 85' lang='lat' dir='ltr'>(Laym.</span> <span class='ocrx_word' id='word_1_198' title='bbox 405 2077 481 2124; x_wconf 88' lang='lat' dir='ltr'>De</span> <span class='ocrx_word' id='word_1_199' title='bbox 517 2077 714 2124; x_wconf 80' lang='lat' dir='ltr'>Poenit.</span> <span class='ocrx_word' id='word_1_200' title='bbox 751 2078 819 2133; x_wconf 88' lang='lat'>10,</span> <span class='ocrx_word' id='word_1_201' title='bbox 855 2080 899 2135; x_wconf 88' lang='grc'>5)</span> <span class='ocrx_word' id='word_1_202' title='bbox 927 2094 937 2130; x_wconf 86' lang='grc'><strong>;</strong></span> <span class='ocrx_word' id='word_1_203' title='bbox 967 2078 1240 2125; x_wconf 89' lang='lat' dir='ltr'>dummodo</span> 
     </span>
     <span class='ocr_line' id='line_1_29' title="bbox 170 2144 1235 2209; baseline 0.004 -18"><span class='ocrx_word' id='word_1_204' title='bbox 170 2144 296 2192; x_wconf 87' lang='lat' dir='ltr'>haec</span> <span class='ocrx_word' id='word_1_205' title='bbox 333 2150 562 2207; x_wconf 87' lang='lat' dir='ltr'>potestas</span> <span class='ocrx_word' id='word_1_206' title='bbox 596 2150 657 2203; x_wconf 90' lang='lat' dir='ltr'>ei,</span> <span class='ocrx_word' id='word_1_207' title='bbox 698 2163 798 2194; x_wconf 89' lang='lat' dir='ltr'>non</span> <span class='ocrx_word' id='word_1_208' title='bbox 832 2163 861 2194; x_wconf 91' lang='lat' dir='ltr'>a</span> <span class='ocrx_word' id='word_1_209' title='bbox 893 2149 1070 2209; x_wconf 84' lang='lat' dir='ltr'>Maj0ri</span> <span class='ocrx_word' id='word_1_210' title='bbox 1103 2150 1235 2209; x_wconf 87' lang='lat' dir='ltr'>Cap·</span> 
     </span>
     <span class='ocr_line' id='line_1_30' title="bbox 172 2216 1242 2281; baseline 0.004 -19"><span class='ocrx_word' id='word_1_211' title='bbox 172 2216 386 2276; x_wconf 90' lang='lat' dir='ltr'>pellano,</span> <span class='ocrx_word' id='word_1_212' title='bbox 421 2218 500 2264; x_wconf 86' lang='lat' dir='ltr'>vel</span> <span class='ocrx_word' id='word_1_213' title='bbox 533 2219 924 2266; x_wconf 89' lang='lat' dir='ltr'>Poenitentiario</span> <span class='ocrx_word' id='word_1_214' title='bbox 951 2221 1123 2281; x_wconf 86' lang='lat' dir='ltr'>Regio,</span> <span class='ocrx_word' id='word_1_215' title='bbox 1156 2221 1242 2266; x_wconf 91' lang='lat' dir='ltr'>de-</span> 
     </span>
     <span class='ocr_line' id='line_1_31' title="bbox 171 2287 1240 2351; baseline 0.004 -17"><span class='ocrx_word' id='word_1_216' title='bbox 171 2291 309 2334; x_wconf 88' lang='lat' dir='ltr'>creta</span> <span class='ocrx_word' id='word_1_217' title='bbox 325 2287 480 2335; x_wconf 83' lang='lat' dir='ltr'>fuerit</span> <span class='ocrx_word' id='word_1_218' title='bbox 499 2289 570 2346; x_wconf 87' lang='lat' dir='ltr'>(S.</span> <span class='ocrx_word' id='word_1_219' title='bbox 590 2290 639 2338; x_wconf 93' lang='lat' dir='ltr'>C.</span> <span class='ocrx_word' id='word_1_220' title='bbox 661 2292 785 2350; x_wconf 90' lang='lat' dir='ltr'>Epp.</span> <span class='ocrx_word' id='word_1_221' title='bbox 806 2292 965 2351; x_wconf 87' lang='lat' dir='ltr'>3Apr.</span> <span class='ocrx_word' id='word_1_222' title='bbox 989 2295 1038 2337; x_wconf 85' lang='lat' dir='ltr'>et</span> <span class='ocrx_word' id='word_1_223' title='bbox 1065 2294 1088 2336; x_wconf 84' lang='grc'>4</span> <span class='ocrx_word' id='word_1_224' title='bbox 1108 2294 1240 2351; x_wconf 88' lang='lat' dir='ltr'>Aug.</span> 
     </span>
     <span class='ocr_line' id='line_1_32' title="bbox 175 2358 1237 2420; baseline 0.005 -17"><span class='ocrx_word' id='word_1_225' title='bbox 175 2359 304 2406; x_wconf 82' lang='lat'>1618.</span> <span class='ocrx_word' id='word_1_226' title='bbox 330 2358 385 2403; x_wconf 88' lang='lat' dir='ltr'>V.</span> <span class='ocrx_word' id='word_1_227' title='bbox 415 2359 771 2407; x_wconf 88' lang='lat' dir='ltr'>Ferrar.Ve1·b.</span> <span class='ocrx_word' id='word_1_228' title='bbox 804 2364 1120 2420; x_wconf 76' lang='lat' dir='ltr'>Capellanus</span> <span class='ocrx_word' id='word_1_229' title='bbox 1145 2366 1237 2408; x_wconf 70' lang='grc' dir='ltr'>νηϊ-</span> 
     </span>
     <span class='ocr_line' id='line_1_33' title="bbox 172 2431 1237 2489; baseline 0.005 -14"><span class='ocrx_word' id='word_1_230' title='bbox 172 2431 324 2476; x_wconf 71' lang='lat' dir='ltr'>litum</span> <span class='ocrx_word' id='word_1_231' title='bbox 357 2446 405 2477; x_wconf 87' lang='lat' dir='ltr'>n.</span> <span class='ocrx_word' id='word_1_232' title='bbox 434 2432 498 2488; x_wconf 88' lang='grc'>2),</span> <span class='ocrx_word' id='word_1_233' title='bbox 532 2433 621 2478; x_wconf 91' lang='lat' dir='ltr'>sed</span> <span class='ocrx_word' id='word_1_234' title='bbox 655 2434 734 2479; x_wconf 87' lang='lat' dir='ltr'>vel</span> <span class='ocrx_word' id='word_1_235' title='bbox 762 2447 790 2479; x_wconf 87' lang='lat' dir='ltr'>a</span> <span class='ocrx_word' id='word_1_236' title='bbox 823 2434 869 2480; x_wconf 93' lang='lat' dir='ltr'>S.</span> <span class='ocrx_word' id='word_1_237' title='bbox 897 2433 1037 2489; x_wconf 88' lang='lat' dir='ltr'>Sede,</span> <span class='ocrx_word' id='word_1_238' title='bbox 1071 2433 1150 2480; x_wconf 88' lang='lat' dir='ltr'>vel</span> <span class='ocrx_word' id='word_1_239' title='bbox 1176 2435 1237 2481; x_wconf 92' lang='lat' dir='ltr'>ab</span> 
     </span>
     <span class='ocr_line' id='line_1_34' title="bbox 173 2500 1233 2564; baseline 0.003 -16"><span class='ocrx_word' id='word_1_240' title='bbox 173 2500 438 2548; x_wconf 88' lang='lat' dir='ltr'>Ordinario</span> <span class='ocrx_word' id='word_1_241' title='bbox 456 2502 564 2548; x_wconf 90' lang='lat' dir='ltr'>loci.</span> <span class='ocrx_word' id='word_1_242' title='bbox 586 2503 733 2549; x_wconf 92' lang='lat' dir='ltr'>Porro</span> <span class='ocrx_word' id='word_1_243' title='bbox 751 2517 881 2564; x_wconf 90' lang='lat' dir='ltr'>quae</span> <span class='ocrx_word' id='word_1_244' title='bbox 900 2505 1051 2551; x_wconf 88' lang='lat' dir='ltr'>datur</span> <span class='ocrx_word' id='word_1_245' title='bbox 1068 2520 1097 2551; x_wconf 88' lang='lat' dir='ltr'>a</span> <span class='ocrx_word' id='word_1_246' title='bbox 1116 2505 1162 2552; x_wconf 91' lang='lat' dir='ltr'>S.</span> <span class='ocrx_word' id='word_1_247' title='bbox 1184 2505 1233 2551; x_wconf 91' lang='lat' dir='ltr'>S.</span> 
     </span>
     <span class='ocr_line' id='line_1_35' title="bbox 170 2570 1231 2634; baseline 0.004 -18"><span class='ocrx_word' id='word_1_248' title='bbox 170 2570 305 2617; x_wconf 83' lang='lat' dir='ltr'>valet</span> <span class='ocrx_word' id='word_1_249' title='bbox 338 2572 523 2631; x_wconf 91' lang='lat' dir='ltr'>ubique</span> <span class='ocrx_word' id='word_1_250' title='bbox 557 2573 796 2629; x_wconf 88' lang='lat' dir='ltr'>locorum,</span> <span class='ocrx_word' id='word_1_251' title='bbox 828 2588 957 2634; x_wconf 88' lang='lat' dir='ltr'>quae</span> <span class='ocrx_word' id='word_1_252' title='bbox 991 2575 1052 2622; x_wconf 92' lang='lat' dir='ltr'>ab</span> <span class='ocrx_word' id='word_1_253' title='bbox 1083 2575 1231 2622; x_wconf 90' lang='lat' dir='ltr'>Ordi-</span> 
     </span>
     <span class='ocr_line' id='line_1_36' title="bbox 168 2644 1235 2698; baseline 0.004 -9"><span class='ocrx_word' id='word_1_254' title='bbox 168 2644 326 2690; x_wconf 88' lang='lat' dir='ltr'>nariis</span> <span class='ocrx_word' id='word_1_255' title='bbox 361 2645 525 2698; x_wconf 87' lang='lat' dir='ltr'>datur,</span> <span class='ocrx_word' id='word_1_256' title='bbox 565 2649 709 2691; x_wconf 87' lang='lat' dir='ltr'>extra</span> <span class='ocrx_word' id='word_1_257' title='bbox 748 2645 1021 2693; x_wconf 86' lang='lat' dir='ltr'>dioecesim</span> <span class='ocrx_word' id='word_1_258' title='bbox 1065 2646 1235 2693; x_wconf 85' lang='lat' dir='ltr'>dantis</span> 
     </span>
     <span class='ocr_line' id='line_1_37' title="bbox 170 2715 1233 2764; baseline 0.004 -5"><span class='ocrx_word' id='word_1_259' title='bbox 170 2728 270 2760; x_wconf 90' lang='lat' dir='ltr'>non</span> <span class='ocrx_word' id='word_1_260' title='bbox 305 2715 438 2760; x_wconf 85' lang='lat' dir='ltr'>valet</span> <span class='ocrx_word' id='word_1_261' title='bbox 463 2715 529 2763; x_wconf 88' lang='lat' dir='ltr'>‹S.</span> <span class='ocrx_word' id='word_1_262' title='bbox 553 2719 600 2760; x_wconf 91' lang='lat' dir='ltr'>C.</span> <span class='ocrx_word' id='word_1_263' title='bbox 627 2717 679 2764; x_wconf 89' lang='lat' dir='ltr'>C.</span> <span class='ocrx_word' id='word_1_264' title='bbox 704 2717 733 2761; x_wconf 90' lang='lat'>6</span> <span class='ocrx_word' id='word_1_265' title='bbox 755 2716 897 2762; x_wconf 85' lang='lat' dir='ltr'>Mart.</span> <span class='ocrx_word' id='word_1_266' title='bbox 930 2718 1055 2763; x_wconf 80' lang='lat'>1694.</span> <span class='ocrx_word' id='word_1_267' title='bbox 1090 2717 1233 2763; x_wconf 86' lang='lat' dir='ltr'>Reiff.</span> 
     </span>
     <span class='ocr_line' id='line_1_38' title="bbox 167 2785 1236 2842; baseline 0.006 -13"><span class='ocrx_word' id='word_1_268' title='bbox 167 2785 244 2839; x_wconf 90' lang='lat' dir='ltr'>IV,</span> <span class='ocrx_word' id='word_1_269' title='bbox 280 2788 320 2838; x_wconf 87' lang='lat'>3,</span> <span class='ocrx_word' id='word_1_270' title='bbox 354 2787 456 2842; x_wconf 83' lang='lat'><em>97);</em></span> <span class='ocrx_word' id='word_1_271' title='bbox 492 2787 591 2833; x_wconf 89' lang='lat' dir='ltr'>nisi</span> <span class='ocrx_word' id='word_1_272' title='bbox 626 2787 748 2833; x_wconf 90' lang='lat' dir='ltr'>dum</span> <span class='ocrx_word' id='word_1_273' title='bbox 794 2788 845 2833; x_wconf 89' lang='lat' dir='ltr'>in</span> <span class='ocrx_word' id='word_1_274' title='bbox 890 2789 1069 2834; x_wconf 89' lang='lat' dir='ltr'>itinere</span> <span class='ocrx_word' id='word_1_275' title='bbox 1112 2791 1236 2835; x_wconf 91' lang='lat' dir='ltr'>sunt</span> 
     </span>
     <span class='ocr_line' id='line_1_39' title="bbox 166 2857 1231 2919; baseline 0.001 -16"><span class='ocrx_word' id='word_1_276' title='bbox 166 2857 315 2913; x_wconf 88' lang='lat' dir='ltr'>(Croi.</span> <span class='ocrx_word' id='word_1_277' title='bbox 338 2858 417 2912; x_wconf 88' lang='lat' dir='ltr'>Vl,</span> <span class='ocrx_word' id='word_1_278' title='bbox 443 2858 493 2914; x_wconf 89' lang='lat' dir='ltr'>H,</span> <span class='ocrx_word' id='word_1_279' title='bbox 523 2858 669 2914; x_wconf 86' lang='lat'>1518).</span> <span class='ocrx_word' id='word_1_280' title='bbox 705 2860 749 2904; x_wconf 88' lang='lat' dir='ltr'>A</span> <span class='ocrx_word' id='word_1_281' title='bbox 783 2871 1102 2919; x_wconf 91' lang='lat' dir='ltr'>quocumque</span> <span class='ocrx_word' id='word_1_282' title='bbox 1136 2873 1231 2905; x_wconf 87' lang='lat' dir='ltr'>au-</span> 
     </span>
     <span class='ocr_line' id='line_1_40' title="bbox 166 2929 1235 2985; baseline 0.003 -11"><span class='ocrx_word' id='word_1_283' title='bbox 166 2933 268 2974; x_wconf 87' lang='lat' dir='ltr'>tem</span> <span class='ocrx_word' id='word_1_284' title='bbox 314 2929 432 2975; x_wconf 85' lang='lat' dir='ltr'>data</span> <span class='ocrx_word' id='word_1_285' title='bbox 476 2930 559 2983; x_wconf 89' lang='lat' dir='ltr'>sit,</span> <span class='ocrx_word' id='word_1_286' title='bbox 601 2933 864 2975; x_wconf 84' lang='lat' dir='ltr'>exercetur</span> <span class='ocrx_word' id='word_1_287' title='bbox 903 2931 1235 2985; x_wconf 81' lang='lat' dir='ltr'>cumulative,</span> 
     </span>
     <span class='ocr_line' id='line_1_41' title="bbox 167 3001 1235 3060; baseline 0.006 -17"><span class='ocrx_word' id='word_1_288' title='bbox 167 3012 266 3044; x_wconf 89' lang='lat' dir='ltr'>non</span> <span class='ocrx_word' id='word_1_289' title='bbox 300 3001 550 3058; x_wconf 86' lang='lat' dir='ltr'>privative</span> <span class='ocrx_word' id='word_1_290' title='bbox 591 3001 756 3060; x_wconf 88' lang='lat' dir='ltr'>quoad</span> <span class='ocrx_word' id='word_1_291' title='bbox 799 3001 1043 3048; x_wconf 85' lang='lat' dir='ltr'>Parochos</span> <span class='ocrx_word' id='word_1_292' title='bbox 1078 3002 1146 3056; x_wconf 90' lang='lat' dir='ltr'>(S.</span> <span class='ocrx_word' id='word_1_293' title='bbox 1181 3002 1235 3049; x_wconf 91' lang='lat' dir='ltr'>C.</span> 
     </span>
     <span class='ocr_line' id='line_1_42' title="bbox 164 3071 1234 3132; baseline -0.002 -13"><span class='ocrx_word' id='word_1_294' title='bbox 164 3071 218 3119; x_wconf 90' lang='lat' dir='ltr'>C.</span> <span class='ocrx_word' id='word_1_295' title='bbox 242 3071 298 3115; x_wconf 90' lang='grc'>29</span> <span class='ocrx_word' id='word_1_296' title='bbox 322 3072 437 3116; x_wconf 88' lang='lat' dir='ltr'>Mai.</span> <span class='ocrx_word' id='word_1_297' title='bbox 468 3073 596 3118; x_wconf 82' lang='lat'>1683.</span> <span class='ocrx_word' id='word_1_298' title='bbox 631 3073 763 3118; x_wconf 86' lang='lat' dir='ltr'>Ferr.</span> <span class='ocrx_word' id='word_1_299' title='bbox 797 3086 844 3118; x_wconf 91' lang='lat' dir='ltr'>n.</span> <span class='ocrx_word' id='word_1_300' title='bbox 876 3074 947 3132; x_wconf 93' lang='lat'>7).</span> <span class='ocrx_word' id='word_1_301' title='bbox 977 3071 1029 3119; x_wconf 90' lang='lat' dir='ltr'>Si</span> <span class='ocrx_word' id='word_1_302' title='bbox 1065 3076 1234 3118; x_wconf 86' lang='lat' dir='ltr'>autem</span> 
     </span>
     <span class='ocr_line' id='line_1_43' title="bbox 165 3141 1235 3203; baseline 0.002 -16"><span class='ocrx_word' id='word_1_303' title='bbox 165 3141 364 3187; x_wconf 87' lang='lat' dir='ltr'>nullum</span> <span class='ocrx_word' id='word_1_304' title='bbox 418 3145 671 3188; x_wconf 88' lang='lat' dir='ltr'>curionem</span> <span class='ocrx_word' id='word_1_305' title='bbox 722 3142 923 3198; x_wconf 88' lang='lat' dir='ltr'>habent,</span> <span class='ocrx_word' id='word_1_306' title='bbox 981 3155 1081 3203; x_wconf 93' lang='lat' dir='ltr'>quo</span> <span class='ocrx_word' id='word_1_307' title='bbox 1128 3142 1235 3190; x_wconf 91' lang='lat' dir='ltr'>loco</span> 
     </span>
     <span class='ocr_line' id='line_1_44' title="bbox 168 3211 1233 3274; baseline 0.003 -18"><span class='ocrx_word' id='word_1_308' title='bbox 168 3214 289 3257; x_wconf 88' lang='lat' dir='ltr'>sunt</span> <span class='ocrx_word' id='word_1_309' title='bbox 306 3211 495 3258; x_wconf 86' lang='lat' dir='ltr'>addicti</span> <span class='ocrx_word' id='word_1_310' title='bbox 515 3227 601 3272; x_wconf 89' lang='lat' dir='ltr'>per</span> <span class='ocrx_word' id='word_1_311' title='bbox 621 3215 860 3273; x_wconf 89' lang='lat' dir='ltr'>majorem</span> <span class='ocrx_word' id='word_1_312' title='bbox 879 3217 995 3259; x_wconf 89' lang='lat' dir='ltr'>anni</span> <span class='ocrx_word' id='word_1_313' title='bbox 1020 3217 1233 3274; x_wconf 87' lang='lat' dir='ltr'>partem,</span> 
     </span>
     <span class='ocr_line' id='line_1_45' title="bbox 165 3282 1231 3342; baseline 0.004 -15"><span class='ocrx_word' id='word_1_314' title='bbox 165 3296 223 3329; x_wconf 88' lang='lat' dir='ltr'>eo</span> <span class='ocrx_word' id='word_1_315' title='bbox 239 3284 385 3342; x_wconf 89' lang='lat' dir='ltr'>quasi</span> <span class='ocrx_word' id='word_1_316' title='bbox 405 3282 715 3329; x_wconf 87' lang='lat' dir='ltr'>domicilium</span> <span class='ocrx_word' id='word_1_317' title='bbox 739 3285 921 3330; x_wconf 89' lang='lat' dir='ltr'>habere</span> <span class='ocrx_word' id='word_1_318' title='bbox 938 3288 1231 3342; x_wconf 87' lang='lat' dir='ltr'>censentur;</span> 
     </span>
     <span class='ocr_line' id='line_1_46' title="bbox 166 3352 1233 3414; baseline 0.004 -16"><span class='ocrx_word' id='word_1_319' title='bbox 166 3352 293 3399; x_wconf 84' lang='lat' dir='ltr'>alias</span> <span class='ocrx_word' id='word_1_320' title='bbox 325 3352 577 3399; x_wconf 85' lang='lat' dir='ltr'>habentur</span> <span class='ocrx_word' id='word_1_321' title='bbox 618 3356 764 3414; x_wconf 87' lang='lat' dir='ltr'>quasi</span> <span class='ocrx_word' id='word_1_322' title='bbox 800 3356 916 3414; x_wconf 85' lang='lat' dir='ltr'>vagi</span> <span class='ocrx_word' id='word_1_323' title='bbox 965 3355 1233 3411; x_wconf 79' lang='lat' dir='ltr'>(Schmalz.</span> 
     </span>
     <span class='ocr_line' id='line_1_47' title="bbox 162 3423 457 3480; baseline 0.007 -12"><span class='ocrx_word' id='word_1_324' title='bbox 162 3423 238 3478; x_wconf 87' lang='lat' dir='ltr'>IV,</span> <span class='ocrx_word' id='word_1_325' title='bbox 261 3425 306 3480; x_wconf 89' lang='grc'>3,</span> <span class='ocrx_word' id='word_1_326' title='bbox 339 3425 457 3480; x_wconf 85' lang='grc'><strong>165).</strong></span> 
     </span>
    </p>

    <p class='ocr_par' dir='ltr' id='par_1_8' title="bbox 222 3495 846 3542">
     <span class='ocr_line' id='line_1_48' title="bbox 222 3495 846 3542; baseline 0.006 -4"><span class='ocrx_word' id='word_1_327' title='bbox 222 3495 281 3539; x_wconf 91' lang='grc'>28</span> <span class='ocrx_word' id='word_1_328' title='bbox 303 3495 401 3541; x_wconf 90' lang='lat' dir='ltr'>LL.</span> <span class='ocrx_word' id='word_1_329' title='bbox 427 3496 471 3542; x_wconf 88' lang='lat'>3.</span> <span class='ocrx_word' id='word_1_330' title='bbox 494 3497 520 3538; x_wconf 81' lang='lat'>4</span> <span class='ocrx_word' id='word_1_331' title='bbox 548 3497 630 3542; x_wconf 77' lang='lat' dir='ltr'>Aa</span> <span class='ocrx_word' id='word_1_332' title='bbox 656 3498 846 3542; x_wconf 76' lang='lat' dir='ltr'>Manio.</span> 
     </span>
    </p>

    <p class='ocr_par' dir='ltr' id='par_1_9' title="bbox 161 3566 1231 3768">
     <span class='ocr_line' id='line_1_49' title="bbox 222 3566 1231 3623; baseline 0.006 -14"><span class='ocrx_word' id='word_1_333' title='bbox 222 3566 282 3609; x_wconf 89' lang='grc'>29</span> <span class='ocrx_word' id='word_1_334' title='bbox 306 3566 362 3611; x_wconf 90' lang='lat' dir='ltr'>V.</span> <span class='ocrx_word' id='word_1_335' title='bbox 390 3566 574 3614; x_wconf 87' lang='lat' dir='ltr'>Sanch.</span> <span class='ocrx_word' id='word_1_336' title='bbox 607 3567 670 3612; x_wconf 89' lang='lat' dir='ltr'>M.</span> <span class='ocrx_word' id='word_1_337' title='bbox 703 3569 770 3622; x_wconf 94' lang='lat' dir='ltr'>III,</span> <span class='ocrx_word' id='word_1_338' title='bbox 804 3570 878 3623; x_wconf 82' lang='grc'>24,</span> <span class='ocrx_word' id='word_1_339' title='bbox 911 3570 951 3614; x_wconf 85' lang='grc'>5.</span> <span class='ocrx_word' id='word_1_340' title='bbox 994 3569 1044 3616; x_wconf 92' lang='lat' dir='ltr'>V.</span> <span class='ocrx_word' id='word_1_341' title='bbox 1078 3584 1134 3622; x_wconf 91' lang='lat' dir='ltr'>c.,</span> <span class='ocrx_word' id='word_1_342' title='bbox 1168 3584 1231 3615; x_wconf 89' lang='lat' dir='ltr'>ne</span> 
     </span>
     <span class='ocr_line' id='line_1_50' title="bbox 161 3641 1231 3703; baseline 0.005 -18"><span class='ocrx_word' id='word_1_343' title='bbox 161 3653 330 3686; x_wconf 90' lang='lat' dir='ltr'>coram</span> <span class='ocrx_word' id='word_1_344' title='bbox 355 3641 576 3687; x_wconf 87' lang='lat' dir='ltr'>Parocho</span> <span class='ocrx_word' id='word_1_345' title='bbox 610 3655 718 3695; x_wconf 89' lang='lat' dir='ltr'>suo,</span> <span class='ocrx_word' id='word_1_346' title='bbox 752 3642 830 3690; x_wconf 88' lang='lat' dir='ltr'>vel</span> <span class='ocrx_word' id='word_1_347' title='bbox 864 3646 921 3687; x_wconf 88' lang='lat' dir='ltr'>ut</span> <span class='ocrx_word' id='word_1_348' title='bbox 949 3644 1056 3689; x_wconf 90' lang='lat' dir='ltr'>sine</span> <span class='ocrx_word' id='word_1_349' title='bbox 1090 3659 1231 3703; x_wconf 90' lang='lat' dir='ltr'>paro-</span> 
     </span>
     <span class='ocr_line' id='line_1_51' title="bbox 161 3710 1228 3768; baseline 0.004 -12"><span class='ocrx_word' id='word_1_350' title='bbox 161 3710 255 3756; x_wconf 88' lang='lat' dir='ltr'>cho</span> <span class='ocrx_word' id='word_1_351' title='bbox 286 3714 334 3756; x_wconf 88' lang='lat' dir='ltr'>et</span> <span class='ocrx_word' id='word_1_352' title='bbox 361 3712 596 3768; x_wconf 82' lang='lat' dir='ltr'>testibus,</span> <span class='ocrx_word' id='word_1_353' title='bbox 630 3725 686 3758; x_wconf 89' lang='lat' dir='ltr'>eo</span> <span class='ocrx_word' id='word_1_354' title='bbox 718 3712 815 3758; x_wconf 90' lang='lat' dir='ltr'>loci</span> <span class='ocrx_word' id='word_1_355' title='bbox 844 3712 929 3758; x_wconf 91' lang='lat' dir='ltr'>ubi</span> <span class='ocrx_word' id='word_1_356' title='bbox 967 3713 1228 3761; x_wconf 88' lang='lat' dir='ltr'>decretum</span> 
     </span>
    </p>
   </div>
   <div class='ocr_carea' id='block_1_6' title="bbox 1330 1154 2419 3774">
    <p class='ocr_par' dir='ltr' id='par_1_10' title="bbox 1346 1154 2419 1359">
     <span class='ocr_line' id='line_1_52' title="bbox 1347 1154 2419 1219; baseline 0.005 -18"><span class='ocrx_word' id='word_1_357' title='bbox 1347 1154 1616 1202; x_wconf 90' lang='lat' dir='ltr'>conciliare</span> <span class='ocrx_word' id='word_1_358' title='bbox 1660 1168 1758 1201; x_wconf 90' lang='lat' dir='ltr'>non</span> <span class='ocrx_word' id='word_1_359' title='bbox 1802 1154 1995 1201; x_wconf 85' lang='lat' dir='ltr'>obtinet</span> <span class='ocrx_word' id='word_1_360' title='bbox 2037 1156 2108 1214; x_wconf 85' lang='lat' dir='ltr'>(S.</span> <span class='ocrx_word' id='word_1_361' title='bbox 2145 1156 2201 1206; x_wconf 86' lang='lat' dir='ltr'>C.</span> <span class='ocrx_word' id='word_1_362' title='bbox 2243 1155 2297 1207; x_wconf 86' lang='lat' dir='ltr'>C.</span> <span class='ocrx_word' id='word_1_363' title='bbox 2338 1170 2419 1219; x_wconf 85' lang='lat' dir='ltr'>ap.</span> 
     </span>
     <span class='ocr_line' id='line_1_53' title="bbox 1346 1224 2415 1287; baseline 0 -13"><span class='ocrx_word' id='word_1_364' title='bbox 1346 1224 1572 1279; x_wconf 89' lang='lat' dir='ltr'>Croi.V1,</span> <span class='ocrx_word' id='word_1_365' title='bbox 1591 1225 1675 1279; x_wconf 91' lang='lat'>111,</span> <span class='ocrx_word' id='word_1_366' title='bbox 1695 1224 1798 1271; x_wconf 90' lang='grc'><strong>712.</strong></span> <span class='ocrx_word' id='word_1_367' title='bbox 1817 1225 1934 1272; x_wconf 88' lang='lat' dir='ltr'>Ben.</span> <span class='ocrx_word' id='word_1_368' title='bbox 1950 1225 2080 1282; x_wconf 87' lang='lat' dir='ltr'>XIV,</span> <span class='ocrx_word' id='word_1_369' title='bbox 2097 1227 2259 1287; x_wconf 70' lang='lat' dir='ltr'>Notis.</span> <span class='ocrx_word' id='word_1_370' title='bbox 2277 1227 2350 1284; x_wconf 83' lang='lat'>33,</span> <span class='ocrx_word' id='word_1_371' title='bbox 2365 1228 2415 1287; x_wconf 87' lang='grc'>9)</span> 
     </span>
     <span class='ocr_line' id='line_1_54' title="bbox 1347 1297 2263 1359; baseline 0.002 -15"><span class='ocrx_word' id='word_1_372' title='bbox 1347 1297 1724 1344; x_wconf 88' lang='lat' dir='ltr'>matrimonium</span> <span class='ocrx_word' id='word_1_373' title='bbox 1759 1297 2051 1344; x_wconf 84' lang='lat' dir='ltr'>contrahere</span> <span class='ocrx_word' id='word_1_374' title='bbox 2085 1299 2263 1359; x_wconf 81' lang='lat' dir='ltr'>possit.</span> 
     </span>
    </p>

    <p class='ocr_par' dir='ltr' id='par_1_11' title="bbox 1407 1368 1990 1416">
     <span class='ocr_line' id='line_1_55' title="bbox 1407 1368 1990 1416; baseline 0.002 -2"><span class='ocrx_word' id='word_1_375' title='bbox 1407 1369 1465 1414; x_wconf 85' lang='lat'>30</span> <span class='ocrx_word' id='word_1_376' title='bbox 1490 1369 1546 1416; x_wconf 91' lang='lat' dir='ltr'>C.</span> <span class='ocrx_word' id='word_1_377' title='bbox 1569 1368 1622 1413; x_wconf 86' lang='lat'>31</span> <span class='ocrx_word' id='word_1_378' title='bbox 1652 1369 1726 1415; x_wconf 88' lang='lat' dir='ltr'>De</span> <span class='ocrx_word' id='word_1_379' title='bbox 1749 1369 1990 1415; x_wconf 77' lang='lat' dir='ltr'>Eleete&#39;on.</span> 
     </span>
    </p>

    <p class='ocr_par' dir='ltr' id='par_1_12' title="bbox 1342 1439 2417 2210">
     <span class='ocr_line' id='line_1_56' title="bbox 1405 1439 2415 1498; baseline 0.003 -13"><span class='ocrx_word' id='word_1_380' title='bbox 1405 1441 1457 1485; x_wconf 90' lang='lat'>31</span> <span class='ocrx_word' id='word_1_381' title='bbox 1488 1439 1585 1485; x_wconf 89' lang='lat' dir='ltr'>LL.</span> <span class='ocrx_word' id='word_1_382' title='bbox 1617 1440 1654 1493; x_wconf 94' lang='lat' dir='ltr'>l,</span> <span class='ocrx_word' id='word_1_383' title='bbox 1681 1440 1752 1486; x_wconf 87' lang='grc'>29.</span> <span class='ocrx_word' id='word_1_384' title='bbox 1775 1442 1850 1486; x_wconf 79' lang='lat' dir='ltr'>Aa</span> <span class='ocrx_word' id='word_1_385' title='bbox 1874 1441 2182 1498; x_wconf 80' lang='lat' dir='ltr'>Municipal.</span> <span class='ocrx_word' id='word_1_386' title='bbox 2204 1442 2258 1488; x_wconf 89' lang='lat' dir='ltr'>L.</span> <span class='ocrx_word' id='word_1_387' title='bbox 2286 1443 2324 1497; x_wconf 90' lang='lat' dir='ltr'>l,</span> <span class='ocrx_word' id='word_1_388' title='bbox 2358 1442 2415 1492; x_wconf 85' lang='lat' dir='ltr'>C.</span> 
     </span>
     <span class='ocr_line' id='line_1_57' title="bbox 1348 1510 2415 1571; baseline 0.004 -15"><span class='ocrx_word' id='word_1_389' title='bbox 1348 1512 1424 1559; x_wconf 87' lang='lat' dir='ltr'>De</span> <span class='ocrx_word' id='word_1_390' title='bbox 1454 1512 1613 1557; x_wconf 81' lang='lat' dir='ltr'>Incol.</span> <span class='ocrx_word' id='word_1_391' title='bbox 1646 1510 1712 1555; x_wconf 87' lang='lat' dir='ltr'>Et</span> <span class='ocrx_word' id='word_1_392' title='bbox 1743 1511 1788 1556; x_wconf 88' lang='lat' dir='ltr'>si</span> <span class='ocrx_word' id='word_1_393' title='bbox 1823 1510 1939 1571; x_wconf 89' lang='lat' dir='ltr'>quis</span> <span class='ocrx_word' id='word_1_394' title='bbox 1971 1510 2170 1558; x_wconf 90' lang='lat' dir='ltr'>duobus</span> <span class='ocrx_word' id='word_1_395' title='bbox 2202 1513 2254 1558; x_wconf 87' lang='lat' dir='ltr'>in</span> <span class='ocrx_word' id='word_1_396' title='bbox 2288 1512 2415 1560; x_wconf 82' lang='lat' dir='ltr'>locis</span> 
     </span>
     <span class='ocr_line' id='line_1_58' title="bbox 1347 1579 2416 1644; baseline 0.004 -18"><span class='ocrx_word' id='word_1_397' title='bbox 1347 1580 1661 1627; x_wconf 89' lang='lat' dir='ltr'>domicilium</span> <span class='ocrx_word' id='word_1_398' title='bbox 1686 1579 1850 1634; x_wconf 87' lang='lat' dir='ltr'>habet,</span> <span class='ocrx_word' id='word_1_399' title='bbox 1874 1584 2148 1640; x_wconf 74' lang='lat' dir='ltr'>utriusque</span> <span class='ocrx_word' id='word_1_400' title='bbox 2162 1583 2276 1644; x_wconf 82' lang='lat' dir='ltr'>jure</span> <span class='ocrx_word' id='word_1_401' title='bbox 2298 1595 2416 1630; x_wconf 84' lang='lat' dir='ltr'>con·</span> 
     </span>
     <span class='ocr_line' id='line_1_59' title="bbox 1347 1651 2417 1709; baseline 0.007 -13"><span class='ocrx_word' id='word_1_402' title='bbox 1347 1651 1592 1698; x_wconf 85' lang='lat' dir='ltr'>tinebitur</span> <span class='ocrx_word' id='word_1_403' title='bbox 1627 1652 1719 1709; x_wconf 85' lang='lat' dir='ltr'>(Ex</span> <span class='ocrx_word' id='word_1_404' title='bbox 1758 1651 1856 1698; x_wconf 92' lang='lat' dir='ltr'>LL.</span> <span class='ocrx_word' id='word_1_405' title='bbox 1889 1651 1935 1706; x_wconf 87' lang='lat'>5,</span> <span class='ocrx_word' id='word_1_406' title='bbox 1970 1653 2000 1698; x_wconf 89' lang='lat'>6</span> <span class='ocrx_word' id='word_1_407' title='bbox 2032 1654 2151 1700; x_wconf 85' lang='lat' dir='ltr'>Eod.</span> <span class='ocrx_word' id='word_1_408' title='bbox 2187 1654 2241 1703; x_wconf 86' lang='lat' dir='ltr'>C.</span> <span class='ocrx_word' id='word_1_409' title='bbox 2277 1653 2308 1698; x_wconf 90' lang='grc'><strong>2</strong></span> <span class='ocrx_word' id='word_1_410' title='bbox 2339 1654 2417 1703; x_wconf 78' lang='lat' dir='ltr'>De</span> 
     </span>
     <span class='ocr_line' id='line_1_60' title="bbox 1348 1722 2414 1786; baseline 0.005 -19"><span class='ocrx_word' id='word_1_411' title='bbox 1348 1723 1539 1780; x_wconf 71' lang='lat' dir='ltr'>sepulc.</span> <span class='ocrx_word' id='word_1_412' title='bbox 1574 1724 1626 1768; x_wconf 89' lang='lat' dir='ltr'>in</span> <span class='ocrx_word' id='word_1_413' title='bbox 1658 1723 1740 1779; x_wconf 81' lang='lat'>6⁰).</span> <span class='ocrx_word' id='word_1_414' title='bbox 1772 1722 1990 1782; x_wconf 90' lang='lat' dir='ltr'>Ideoque</span> <span class='ocrx_word' id='word_1_415' title='bbox 2029 1725 2296 1786; x_wconf 85' lang='lat' dir='ltr'>utriusque</span> <span class='ocrx_word' id='word_1_416' title='bbox 2343 1724 2414 1772; x_wconf 81' lang='lat' dir='ltr'>fo·</span> 
     </span>
     <span class='ocr_line' id='line_1_61' title="bbox 1345 1794 2414 1855; baseline 0.006 -17"><span class='ocrx_word' id='word_1_417' title='bbox 1345 1807 1457 1839; x_wconf 90' lang='lat' dir='ltr'>rum</span> <span class='ocrx_word' id='word_1_418' title='bbox 1491 1796 1704 1841; x_wconf 89' lang='lat' dir='ltr'>sortitur</span> <span class='ocrx_word' id='word_1_419' title='bbox 1739 1794 1809 1851; x_wconf 92' lang='lat' dir='ltr'>(C.</span> <span class='ocrx_word' id='word_1_420' title='bbox 1853 1795 1903 1839; x_wconf 88' lang='lat'>15</span> <span class='ocrx_word' id='word_1_421' title='bbox 1936 1796 2012 1842; x_wconf 87' lang='lat' dir='ltr'>De</span> <span class='ocrx_word' id='word_1_422' title='bbox 2031 1798 2149 1843; x_wconf 84' lang='lat' dir='ltr'>For.</span> <span class='ocrx_word' id='word_1_423' title='bbox 2189 1798 2414 1855; x_wconf 76' lang='lat' dir='ltr'>Comp.),·</span> 
     </span>
     <span class='ocr_line' id='line_1_62' title="bbox 1345 1866 2410 1927; baseline 0.006 -17"><span class='ocrx_word' id='word_1_424' title='bbox 1345 1877 1500 1925; x_wconf 91' lang='lat' dir='ltr'>eoque</span> <span class='ocrx_word' id='word_1_425' title='bbox 1536 1866 1700 1911; x_wconf 88' lang='lat' dir='ltr'>utitur</span> <span class='ocrx_word' id='word_1_426' title='bbox 1732 1870 1795 1922; x_wconf 83' lang='lat' dir='ltr'>(v.</span> <span class='ocrx_word' id='word_1_427' title='bbox 1831 1879 1872 1912; x_wconf 94' lang='lat' dir='ltr'>c.</span> <span class='ocrx_word' id='word_1_428' title='bbox 1906 1866 1974 1913; x_wconf 90' lang='lat' dir='ltr'>ibi</span> <span class='ocrx_word' id='word_1_429' title='bbox 2016 1867 2196 1927; x_wconf 83' lang='lat' dir='ltr'>recipit</span> <span class='ocrx_word' id='word_1_430' title='bbox 2237 1880 2410 1915; x_wconf 84' lang='lat' dir='ltr'>sacra-</span> 
     </span>
     <span class='ocr_line' id='line_1_63' title="bbox 1347 1937 2412 1999; baseline 0.005 -18"><span class='ocrx_word' id='word_1_431' title='bbox 1347 1939 1536 1991; x_wconf 88' lang='lat' dir='ltr'>menta,</span> <span class='ocrx_word' id='word_1_432' title='bbox 1576 1937 1956 1983; x_wconf 89' lang='lat' dir='ltr'>matrimonium</span> <span class='ocrx_word' id='word_1_433' title='bbox 1990 1937 2281 1995; x_wconf 87' lang='lat' dir='ltr'>contrahit),</span> <span class='ocrx_word' id='word_1_434' title='bbox 2309 1950 2412 1999; x_wconf 88' lang='lat' dir='ltr'>quo</span> 
     </span>
     <span class='ocr_line' id='line_1_64' title="bbox 1344 2006 2410 2068; baseline 0.005 -16"><span class='ocrx_word' id='word_1_435' title='bbox 1344 2007 1581 2053; x_wconf 90' lang='lat' dir='ltr'>maluerit</span> <span class='ocrx_word' id='word_1_436' title='bbox 1618 2006 1823 2063; x_wconf 89' lang='lat' dir='ltr'>(Sanch.</span> <span class='ocrx_word' id='word_1_437' title='bbox 1855 2007 1921 2055; x_wconf 92' lang='lat' dir='ltr'>M.</span> <span class='ocrx_word' id='word_1_438' title='bbox 1950 2009 2018 2064; x_wconf 89' lang='lat'>111,</span> <span class='ocrx_word' id='word_1_439' title='bbox 2051 2010 2125 2064; x_wconf 86' lang='grc'>24,</span> <span class='ocrx_word' id='word_1_440' title='bbox 2156 2011 2200 2056; x_wconf 88' lang='lat'>5.</span> <span class='ocrx_word' id='word_1_441' title='bbox 2234 2010 2410 2068; x_wconf 88' lang='lat' dir='ltr'>Laym.</span> 
     </span>
     <span class='ocr_line' id='line_1_65' title="bbox 1344 2079 2406 2142; baseline 0.006 -19"><span class='ocrx_word' id='word_1_442' title='bbox 1344 2079 1419 2126; x_wconf 85' lang='lat' dir='ltr'>De</span> <span class='ocrx_word' id='word_1_443' title='bbox 1438 2079 1634 2126; x_wconf 81' lang='lat' dir='ltr'>Poenit.</span> <span class='ocrx_word' id='word_1_444' title='bbox 1665 2079 1731 2133; x_wconf 92' lang='lat'>10,</span> <span class='ocrx_word' id='word_1_445' title='bbox 1765 2079 1835 2134; x_wconf 82' lang='lat'>6);</span> <span class='ocrx_word' id='word_1_446' title='bbox 1869 2080 2020 2126; x_wconf 91' lang='lat' dir='ltr'>etiam</span> <span class='ocrx_word' id='word_1_447' title='bbox 2053 2079 2141 2127; x_wconf 90' lang='lat' dir='ltr'>ubi</span> <span class='ocrx_word' id='word_1_448' title='bbox 2172 2081 2226 2127; x_wconf 88' lang='lat' dir='ltr'>in</span> <span class='ocrx_word' id='word_1_449' title='bbox 2257 2094 2406 2142; x_wconf 83' lang='lat' dir='ltr'>prae-</span> 
     </span>
     <span class='ocr_line' id='line_1_66' title="bbox 1342 2150 2337 2210; baseline 0.004 -14"><span class='ocrx_word' id='word_1_450' title='bbox 1342 2163 1459 2196; x_wconf 86' lang='lat' dir='ltr'>sens</span> <span class='ocrx_word' id='word_1_451' title='bbox 1494 2163 1593 2196; x_wconf 89' lang='lat' dir='ltr'>non</span> <span class='ocrx_word' id='word_1_452' title='bbox 1625 2150 1766 2209; x_wconf 86' lang='lat' dir='ltr'>degit</span> <span class='ocrx_word' id='word_1_453' title='bbox 1799 2150 1867 2205; x_wconf 87' lang='lat' dir='ltr'>(S.</span> <span class='ocrx_word' id='word_1_454' title='bbox 1891 2151 2040 2210; x_wconf 86' lang='lat' dir='ltr'>Alph.</span> <span class='ocrx_word' id='word_1_455' title='bbox 2065 2150 2148 2205; x_wconf 90' lang='lat' dir='ltr'>VI,</span> <span class='ocrx_word' id='word_1_456' title='bbox 2188 2152 2337 2207; x_wconf 88' lang='grc'><strong>1086).</strong></span> 
     </span>
    </p>

    <p class='ocr_par' dir='ltr' id='par_1_13' title="bbox 1341 2221 2412 2345">
     <span class='ocr_line' id='line_1_67' title="bbox 1402 2221 2412 2281; baseline 0.007 -15"><span class='ocrx_word' id='word_1_457' title='bbox 1402 2222 1460 2266; x_wconf 90' lang='grc'>32</span> <span class='ocrx_word' id='word_1_458' title='bbox 1492 2221 1548 2268; x_wconf 89' lang='lat' dir='ltr'>L.</span> <span class='ocrx_word' id='word_1_459' title='bbox 1575 2222 1604 2267; x_wconf 88' lang='lat'>3</span> <span class='ocrx_word' id='word_1_460' title='bbox 1637 2224 1712 2269; x_wconf 87' lang='lat' dir='ltr'>De</span> <span class='ocrx_word' id='word_1_461' title='bbox 1751 2223 1886 2281; x_wconf 77' lang='lat' dir='ltr'>Offlc.</span> <span class='ocrx_word' id='word_1_462' title='bbox 1920 2223 2161 2271; x_wconf 68' lang='lat' dir='ltr'>Prae-sid.</span> <span class='ocrx_word' id='word_1_463' title='bbox 2193 2223 2247 2272; x_wconf 89' lang='lat' dir='ltr'>C.</span> <span class='ocrx_word' id='word_1_464' title='bbox 2278 2223 2308 2269; x_wconf 88' lang='lat'>3</span> <span class='ocrx_word' id='word_1_465' title='bbox 2338 2226 2412 2273; x_wconf 79' lang='lat' dir='ltr'>De</span> 
     </span>
     <span class='ocr_line' id='line_1_68' title="bbox 1341 2296 1677 2345; baseline -0.003 -6"><span class='ocrx_word' id='word_1_466' title='bbox 1341 2296 1558 2340; x_wconf 82' lang='lat' dir='ltr'>Paroeh.</span> <span class='ocrx_word' id='word_1_467' title='bbox 1674 2343 1677 2345; x_wconf 57' lang='grc'><strong>,</strong></span> 
     </span>
    </p>

    <p class='ocr_par' dir='ltr' id='par_1_14' title="bbox 1336 2364 2411 3135">
     <span class='ocr_line' id='line_1_69' title="bbox 1402 2364 2411 2422; baseline 0.003 -12"><span class='ocrx_word' id='word_1_468' title='bbox 1402 2365 1460 2410; x_wconf 91' lang='grc'>33</span> <span class='ocrx_word' id='word_1_469' title='bbox 1486 2365 1561 2410; x_wconf 86' lang='lat' dir='ltr'>Ex</span> <span class='ocrx_word' id='word_1_470' title='bbox 1585 2364 1640 2411; x_wconf 86' lang='lat' dir='ltr'>L.</span> <span class='ocrx_word' id='word_1_471' title='bbox 1665 2365 1708 2419; x_wconf 88' lang='lat'>5,</span> <span class='ocrx_word' id='word_1_472' title='bbox 1726 2369 1756 2420; x_wconf 69' lang='lat' dir='ltr'>g</span> <span class='ocrx_word' id='word_1_473' title='bbox 1780 2366 1808 2409; x_wconf 90' lang='lat'>5</span> <span class='ocrx_word' id='word_1_474' title='bbox 1830 2366 1906 2413; x_wconf 88' lang='lat' dir='ltr'>De</span> <span class='ocrx_word' id='word_1_475' title='bbox 1929 2367 2098 2412; x_wconf 80' lang='lat' dir='ltr'>Iniur.</span> <span class='ocrx_word' id='word_1_476' title='bbox 2125 2365 2180 2412; x_wconf 80' lang='lat'>1..</span> <span class='ocrx_word' id='word_1_477' title='bbox 2210 2367 2247 2422; x_wconf 91' lang='grc' dir='ltr'>Ι,</span> <span class='ocrx_word' id='word_1_478' title='bbox 2266 2367 2411 2422; x_wconf 74' lang='lat' dir='ltr'>§Ho-</span> 
     </span>
     <span class='ocr_line' id='line_1_70' title="bbox 1342 2434 2408 2495; baseline 0.001 -14"><span class='ocrx_word' id='word_1_479' title='bbox 1342 2450 1470 2494; x_wconf 61' lang='lat' dir='ltr'>spes</span> <span class='ocrx_word' id='word_1_480' title='bbox 1495 2437 1570 2484; x_wconf 88' lang='lat' dir='ltr'>De</span> <span class='ocrx_word' id='word_1_481' title='bbox 1585 2439 1666 2483; x_wconf 80' lang='lat' dir='ltr'>his</span> <span class='ocrx_word' id='word_1_482' title='bbox 1684 2440 1776 2495; x_wconf 78' lang='lat' dir='ltr'>qui</span> <span class='ocrx_word' id='word_1_483' title='bbox 1796 2439 1949 2485; x_wconf 84' lang='lat' dir='ltr'>deiec.</span> <span class='ocrx_word' id='word_1_484' title='bbox 1975 2436 2123 2484; x_wconf 90' lang='lat' dir='ltr'>Sanc.</span> <span class='ocrx_word' id='word_1_485' title='bbox 2143 2437 2209 2483; x_wconf 87' lang='lat' dir='ltr'>M.</span> <span class='ocrx_word' id='word_1_486' title='bbox 2229 2434 2319 2493; x_wconf 91' lang='grc' dir='ltr'><strong>ΙΙΙ,</strong></span> <span class='ocrx_word' id='word_1_487' title='bbox 2343 2437 2408 2483; x_wconf 89' lang='lat'>18.</span> 
     </span>
     <span class='ocr_line' id='line_1_71' title="bbox 1340 2506 2406 2569; baseline 0.003 -18"><span class='ocrx_word' id='word_1_488' title='bbox 1340 2509 1368 2551; x_wconf 91' lang='lat'>9</span> <span class='ocrx_word' id='word_1_489' title='bbox 1394 2507 1567 2567; x_wconf 89' lang='lat' dir='ltr'>Laym.</span> <span class='ocrx_word' id='word_1_490' title='bbox 1593 2510 1667 2556; x_wconf 88' lang='lat' dir='ltr'>De</span> <span class='ocrx_word' id='word_1_491' title='bbox 1691 2511 1854 2566; x_wconf 73' lang='lat' dir='ltr'>Leyib.</span> <span class='ocrx_word' id='word_1_492' title='bbox 1874 2508 1983 2563; x_wconf 88' lang='lat' dir='ltr'>XII,</span> <span class='ocrx_word' id='word_1_493' title='bbox 2012 2509 2050 2555; x_wconf 93' lang='lat' dir='ltr'>l.</span> <span class='ocrx_word' id='word_1_494' title='bbox 2066 2508 2116 2555; x_wconf 90' lang='lat' dir='ltr'>S.</span> <span class='ocrx_word' id='word_1_495' title='bbox 2138 2507 2291 2569; x_wconf 85' lang='lat' dir='ltr'>Alph.</span> <span class='ocrx_word' id='word_1_496' title='bbox 2309 2506 2406 2563; x_wconf 90' lang='lat' dir='ltr'>VII,</span> 
     </span>
     <span class='ocr_line' id='line_1_72' title="bbox 1342 2577 2408 2638; baseline 0.006 -18"><span class='ocrx_word' id='word_1_497' title='bbox 1342 2577 1412 2624; x_wconf 86' lang='grc'>27.</span> <span class='ocrx_word' id='word_1_498' title='bbox 1437 2579 1502 2624; x_wconf 89' lang='lat' dir='ltr'>Et</span> <span class='ocrx_word' id='word_1_499' title='bbox 1524 2580 1776 2625; x_wconf 90' lang='lat' dir='ltr'>contraria</span> <span class='ocrx_word' id='word_1_500' title='bbox 1799 2579 2068 2633; x_wconf 89' lang='lat' dir='ltr'>sententia,</span> <span class='ocrx_word' id='word_1_501' title='bbox 2095 2589 2225 2638; x_wconf 89' lang='lat' dir='ltr'>quae</span> <span class='ocrx_word' id='word_1_502' title='bbox 2249 2578 2408 2626; x_wconf 90' lang='lat' dir='ltr'>domi-</span> 
     </span>
     <span class='ocr_line' id='line_1_73' title="bbox 1342 2649 2409 2710; baseline -0.001 -14"><span class='ocrx_word' id='word_1_503' title='bbox 1342 2650 1516 2696; x_wconf 90' lang='lat' dir='ltr'>cilium</span> <span class='ocrx_word' id='word_1_504' title='bbox 1550 2649 1775 2710; x_wconf 88' lang='lat' dir='ltr'>requirit,</span> <span class='ocrx_word' id='word_1_505' title='bbox 1809 2661 1913 2695; x_wconf 81' lang='lat' dir='ltr'>non</span> <span class='ocrx_word' id='word_1_506' title='bbox 1946 2654 2022 2697; x_wconf 77' lang='lat' dir='ltr'>est</span> <span class='ocrx_word' id='word_1_507' title='bbox 2034 2651 2272 2707; x_wconf 79' lang='lat' dir='ltr'>practice</span> <span class='ocrx_word' id='word_1_508' title='bbox 2289 2661 2409 2708; x_wconf 80' lang='lat' dir='ltr'>pro·</span> 
     </span>
     <span class='ocr_line' id='line_1_74' title="bbox 1341 2719 2410 2778; baseline 0.002 -11"><span class='ocrx_word' id='word_1_509' title='bbox 1341 2722 1528 2767; x_wconf 76' lang='lat' dir='ltr'>babilis</span> <span class='ocrx_word' id='word_1_510' title='bbox 1571 2719 1734 2777; x_wconf 89' lang='lat' dir='ltr'>(Suar.</span> <span class='ocrx_word' id='word_1_511' title='bbox 1780 2720 1854 2766; x_wconf 89' lang='lat' dir='ltr'>De</span> <span class='ocrx_word' id='word_1_512' title='bbox 1893 2721 2058 2778; x_wconf 72' lang='lat' dir='ltr'>Leyib.</span> <span class='ocrx_word' id='word_1_513' title='bbox 2107 2719 2198 2775; x_wconf 91' lang='grc' dir='ltr'><strong>ΙΙΙ,</strong></span> <span class='ocrx_word' id='word_1_514' title='bbox 2243 2720 2318 2776; x_wconf 82' lang='lat'>33,</span> <span class='ocrx_word' id='word_1_515' title='bbox 2365 2722 2410 2769; x_wconf 88' lang='grc'><strong>3.</strong></span> 
     </span>
     <span class='ocr_line' id='line_1_75' title="bbox 1341 2790 2406 2851; baseline 0.002 -14"><span class='ocrx_word' id='word_1_516' title='bbox 1341 2791 1389 2838; x_wconf 91' lang='lat' dir='ltr'>S.</span> <span class='ocrx_word' id='word_1_517' title='bbox 1413 2790 1563 2851; x_wconf 89' lang='lat' dir='ltr'>Alph.</span> <span class='ocrx_word' id='word_1_518' title='bbox 1585 2790 1622 2843; x_wconf 93' lang='grc' dir='ltr'>Ι,</span> <span class='ocrx_word' id='word_1_519' title='bbox 1656 2792 1773 2847; x_wconf 80' lang='grc'><strong>156).</strong></span> <span class='ocrx_word' id='word_1_520' title='bbox 1808 2791 1874 2836; x_wconf 86' lang='lat' dir='ltr'>Et</span> <span class='ocrx_word' id='word_1_521' title='bbox 1906 2790 2145 2837; x_wconf 90' lang='lat' dir='ltr'>subditus</span> <span class='ocrx_word' id='word_1_522' title='bbox 2179 2804 2291 2838; x_wconf 85' lang='lat' dir='ltr'>esse</span> <span class='ocrx_word' id='word_1_523' title='bbox 2324 2791 2406 2838; x_wconf 88' lang='lat' dir='ltr'>in·</span> 
     </span>
     <span class='ocr_line' id='line_1_76' title="bbox 1339 2861 2409 2922; baseline 0.002 -14"><span class='ocrx_word' id='word_1_524' title='bbox 1339 2863 1603 2922; x_wconf 85' lang='lat' dir='ltr'>telligitur,</span> <span class='ocrx_word' id='word_1_525' title='bbox 1638 2863 1823 2919; x_wconf 87' lang='lat' dir='ltr'>verius,</span> <span class='ocrx_word' id='word_1_526' title='bbox 1846 2862 1965 2908; x_wconf 91' lang='lat' dir='ltr'>licet</span> <span class='ocrx_word' id='word_1_527' title='bbox 1988 2862 2040 2907; x_wconf 91' lang='lat' dir='ltr'>in</span> <span class='ocrx_word' id='word_1_528' title='bbox 2065 2861 2315 2922; x_wconf 82' lang='lat' dir='ltr'>dignitate</span> <span class='ocrx_word' id='word_1_529' title='bbox 2338 2863 2409 2910; x_wconf 80' lang='lat' dir='ltr'>sit</span> 
     </span>
     <span class='ocr_line' id='line_1_77' title="bbox 1338 2933 2408 2993; baseline 0.002 -14"><span class='ocrx_word' id='word_1_530' title='bbox 1338 2934 1497 2993; x_wconf 86' lang='lat' dir='ltr'>major</span> <span class='ocrx_word' id='word_1_531' title='bbox 1520 2948 1576 2980; x_wconf 91' lang='lat' dir='ltr'>eo</span> <span class='ocrx_word' id='word_1_532' title='bbox 1598 2934 1686 2993; x_wconf 89' lang='lat' dir='ltr'>qui</span> <span class='ocrx_word' id='word_1_533' title='bbox 1711 2934 1761 2978; x_wconf 92' lang='lat' dir='ltr'>in</span> <span class='ocrx_word' id='word_1_534' title='bbox 1785 2947 1842 2979; x_wconf 90' lang='lat' dir='ltr'>eo</span> <span class='ocrx_word' id='word_1_535' title='bbox 1869 2933 1977 2979; x_wconf 91' lang='lat' dir='ltr'>loco</span> <span class='ocrx_word' id='word_1_536' title='bbox 1997 2933 2408 2993; x_wconf 85' lang='lat' dir='ltr'>jurisdictionem</span> 
     </span>
     <span class='ocr_line' id='line_1_78' title="bbox 1338 3003 2405 3064; baseline 0.001 -14"><span class='ocrx_word' id='word_1_537' title='bbox 1338 3004 1489 3050; x_wconf 87' lang='lat' dir='ltr'>habet</span> <span class='ocrx_word' id='word_1_538' title='bbox 1512 3004 1779 3063; x_wconf 84' lang='lat' dir='ltr'>(Schmalz.</span> <span class='ocrx_word' id='word_1_539' title='bbox 1805 3004 1866 3058; x_wconf 92' lang='grc' dir='ltr'>ΙΙ,</span> <span class='ocrx_word' id='word_1_540' title='bbox 1890 3004 1932 3058; x_wconf 93' lang='grc'>2,</span> <span class='ocrx_word' id='word_1_541' title='bbox 1956 3005 2028 3049; x_wconf 90' lang='grc'><strong>60.</strong></span> <span class='ocrx_word' id='word_1_542' title='bbox 2053 3004 2101 3050; x_wconf 89' lang='lat' dir='ltr'>S.</span> <span class='ocrx_word' id='word_1_543' title='bbox 2125 3004 2276 3064; x_wconf 87' lang='lat' dir='ltr'>Alph.</span> <span class='ocrx_word' id='word_1_544' title='bbox 2293 3003 2405 3062; x_wconf 83' lang='lat' dir='ltr'>vn,</span> 
     </span>
     <span class='ocr_line' id='line_1_79' title="bbox 1336 3074 2257 3135; baseline 0.002 -16"><span class='ocrx_word' id='word_1_545' title='bbox 1336 3077 1471 3132; x_wconf 84' lang='grc'><strong>243);</strong></span> <span class='ocrx_word' id='word_1_546' title='bbox 1497 3089 1611 3121; x_wconf 89' lang='lat' dir='ltr'>nam</span> <span class='ocrx_word' id='word_1_547' title='bbox 1639 3074 1709 3121; x_wconf 90' lang='lat' dir='ltr'>ibi</span> <span class='ocrx_word' id='word_1_548' title='bbox 1734 3076 1967 3135; x_wconf 86' lang='lat' dir='ltr'>privatus</span> <span class='ocrx_word' id='word_1_549' title='bbox 1992 3075 2141 3121; x_wconf 90' lang='lat' dir='ltr'>homo</span> <span class='ocrx_word' id='word_1_550' title='bbox 2165 3077 2257 3121; x_wconf 86' lang='lat' dir='ltr'>est.</span> 
     </span>
    </p>

    <p class='ocr_par' dir='ltr' id='par_1_15' title="bbox 1330 3145 2406 3774">
     <span class='ocr_line' id='line_1_80' title="bbox 1395 3145 2406 3207; baseline 0.001 -16"><span class='ocrx_word' id='word_1_551' title='bbox 1395 3147 1454 3191; x_wconf 82' lang='lat'>34</span> <span class='ocrx_word' id='word_1_552' title='bbox 1472 3146 1654 3193; x_wconf 90' lang='lat' dir='ltr'>Bened.</span> <span class='ocrx_word' id='word_1_553' title='bbox 1673 3145 1803 3200; x_wconf 90' lang='lat' dir='ltr'>XIV,</span> <span class='ocrx_word' id='word_1_554' title='bbox 1826 3145 1937 3191; x_wconf 89' lang='lat' dir='ltr'>Not.</span> <span class='ocrx_word' id='word_1_555' title='bbox 1961 3146 2034 3199; x_wconf 80' lang='lat'>33,</span> <span class='ocrx_word' id='word_1_556' title='bbox 2068 3146 2135 3193; x_wconf 94' lang='lat'>11.</span> <span class='ocrx_word' id='word_1_557' title='bbox 2156 3146 2342 3207; x_wconf 88' lang='lat' dir='ltr'>Espcn.</span> <span class='ocrx_word' id='word_1_558' title='bbox 2365 3145 2406 3192; x_wconf 88' lang='grc' dir='ltr'>Ι.</span> 
     </span>
     <span class='ocr_line' id='line_1_81' title="bbox 1335 3217 2405 3277; baseline 0.001 -14"><span class='ocrx_word' id='word_1_559' title='bbox 1335 3219 1391 3265; x_wconf 90' lang='grc' dir='ltr'>Ε.</span> <span class='ocrx_word' id='word_1_560' title='bbox 1426 3217 1483 3263; x_wconf 91' lang='lat' dir='ltr'>U.</span> <span class='ocrx_word' id='word_1_561' title='bbox 1519 3219 1569 3263; x_wconf 90' lang='lat' dir='ltr'>P.</span> <span class='ocrx_word' id='word_1_562' title='bbox 1603 3217 1665 3270; x_wconf 90' lang='grc' dir='ltr'>ΙΙ,</span> <span class='ocrx_word' id='word_1_563' title='bbox 1698 3217 1794 3262; x_wconf 85' lang='lat' dir='ltr'>Tit.</span> <span class='ocrx_word' id='word_1_564' title='bbox 1829 3217 1902 3272; x_wconf 89' lang='lat'>38,</span> <span class='ocrx_word' id='word_1_565' title='bbox 1944 3217 2066 3277; x_wconf 90' lang='lat' dir='ltr'>Cap.</span> <span class='ocrx_word' id='word_1_566' title='bbox 2099 3217 2141 3272; x_wconf 92' lang='lat'>3,</span> <span class='ocrx_word' id='word_1_567' title='bbox 2175 3231 2220 3263; x_wconf 92' lang='lat' dir='ltr'>n.</span> <span class='ocrx_word' id='word_1_568' title='bbox 2254 3217 2297 3263; x_wconf 89' lang='lat'>8.</span> <span class='ocrx_word' id='word_1_569' title='bbox 2338 3217 2405 3264; x_wconf 85' lang='lat' dir='ltr'>Et</span> 
     </span>
     <span class='ocr_line' id='line_1_82' title="bbox 1332 3287 2402 3349; baseline 0.001 -15"><span class='ocrx_word' id='word_1_570' title='bbox 1332 3290 1530 3349; x_wconf 88' lang='lat' dir='ltr'>quoties</span> <span class='ocrx_word' id='word_1_571' title='bbox 1553 3287 1774 3334; x_wconf 89' lang='lat' dir='ltr'>dicimus</span> <span class='ocrx_word' id='word_1_572' title='bbox 1790 3291 2082 3345; x_wconf 61' lang='lat' dir='ltr'>pai-ochum</span> <span class='ocrx_word' id='word_1_573' title='bbox 2107 3288 2402 3346; x_wconf 79' lang='lat' dir='ltr'>proprium,</span> 
     </span>
     <span class='ocr_line' id='line_1_83' title="bbox 1333 3358 2402 3419; baseline 0 -14"><span class='ocrx_word' id='word_1_574' title='bbox 1333 3361 1486 3405; x_wconf 89' lang='lat' dir='ltr'>etiam</span> <span class='ocrx_word' id='word_1_575' title='bbox 1517 3359 1666 3419; x_wconf 88' lang='lat' dir='ltr'>quasi</span> <span class='ocrx_word' id='word_1_576' title='bbox 1701 3358 1942 3404; x_wconf 86' lang='lat' dir='ltr'>domicilii</span> <span class='ocrx_word' id='word_1_577' title='bbox 1971 3358 2222 3418; x_wconf 83' lang='lat' dir='ltr'>parochus</span> <span class='ocrx_word' id='word_1_578' title='bbox 2255 3358 2402 3406; x_wconf 85' lang='lat' dir='ltr'>intel-</span> 
     </span>
     <span class='ocr_line' id='line_1_84' title="bbox 1331 3429 2402 3491; baseline 0 -15"><span class='ocrx_word' id='word_1_579' title='bbox 1331 3431 1511 3491; x_wconf 85' lang='lat' dir='ltr'>ligitur</span> <span class='ocrx_word' id='word_1_580' title='bbox 1529 3431 1624 3486; x_wconf 86' lang='lat' dir='ltr'>(Ex</span> <span class='ocrx_word' id='word_1_581' title='bbox 1649 3430 1782 3476; x_wconf 90' lang='lat' dir='ltr'>Trid.</span> <span class='ocrx_word' id='word_1_582' title='bbox 1802 3429 1982 3486; x_wconf 87' lang='lat' dir='ltr'>XXIV,</span> <span class='ocrx_word' id='word_1_583' title='bbox 2006 3429 2061 3477; x_wconf 83' lang='lat' dir='ltr'>R.</span> <span class='ocrx_word' id='word_1_584' title='bbox 2085 3430 2148 3475; x_wconf 90' lang='lat' dir='ltr'>M.</span> <span class='ocrx_word' id='word_1_585' title='bbox 2174 3429 2246 3485; x_wconf 82' lang='lat' dir='ltr'>L).</span> <span class='ocrx_word' id='word_1_586' title='bbox 2271 3430 2402 3487; x_wconf 87' lang='lat' dir='ltr'>Qua-</span> 
     </span>
     <span class='ocr_line' id='line_1_85' title="bbox 1333 3501 2402 3560; baseline -0.001 -12"><span class='ocrx_word' id='word_1_587' title='bbox 1333 3501 1555 3548; x_wconf 87' lang='lat' dir='ltr'>mobrem</span> <span class='ocrx_word' id='word_1_588' title='bbox 1603 3515 1659 3547; x_wconf 93' lang='lat' dir='ltr'>eo</span> <span class='ocrx_word' id='word_1_589' title='bbox 1712 3501 1809 3547; x_wconf 91' lang='lat' dir='ltr'>loci</span> <span class='ocrx_word' id='word_1_590' title='bbox 1861 3501 2042 3560; x_wconf 86' lang='lat' dir='ltr'>recipit</span> <span class='ocrx_word' id='word_1_591' title='bbox 2083 3502 2402 3547; x_wconf 83' lang='lat' dir='ltr'>sacramenta</span> 
     </span>
     <span class='ocr_line' id='line_1_86' title="bbox 1333 3571 2398 3632; baseline -0.003 -13"><span class='ocrx_word' id='word_1_592' title='bbox 1333 3575 1564 3632; x_wconf 83' lang='lat' dir='ltr'>(excepto</span> <span class='ocrx_word' id='word_1_593' title='bbox 1607 3573 1817 3628; x_wconf 88' lang='lat' dir='ltr'>ordine),</span> <span class='ocrx_word' id='word_1_594' title='bbox 1857 3571 2235 3618; x_wconf 87' lang='lat' dir='ltr'>matrimonium</span> <span class='ocrx_word' id='word_1_595' title='bbox 2276 3583 2398 3616; x_wconf 88' lang='lat' dir='ltr'>con·</span> 
     </span>
     <span class='ocr_line' id='line_1_87' title="bbox 1330 3639 2399 3701; baseline -0.003 -12"><span class='ocrx_word' id='word_1_596' title='bbox 1330 3644 1488 3690; x_wconf 87' lang='lat' dir='ltr'>trahit</span> <span class='ocrx_word' id='word_1_597' title='bbox 1510 3643 1711 3701; x_wconf 87' lang='lat' dir='ltr'>(Sanch.</span> <span class='ocrx_word' id='word_1_598' title='bbox 1736 3644 1802 3690; x_wconf 89' lang='lat' dir='ltr'>M.</span> <span class='ocrx_word' id='word_1_599' title='bbox 1820 3642 1909 3696; x_wconf 92' lang='lat' dir='ltr'>III,</span> <span class='ocrx_word' id='word_1_600' title='bbox 1929 3642 2001 3696; x_wconf 91' lang='grc'>23,</span> <span class='ocrx_word' id='word_1_601' title='bbox 2030 3642 2119 3698; x_wconf 89' lang='grc'><strong>12),</strong></span> <span class='ocrx_word' id='word_1_602' title='bbox 2149 3642 2201 3687; x_wconf 88' lang='lat' dir='ltr'>et</span> <span class='ocrx_word' id='word_1_603' title='bbox 2231 3641 2297 3700; x_wconf 91' lang='lat' dir='ltr'>(si</span> <span class='ocrx_word' id='word_1_604' title='bbox 2328 3639 2399 3688; x_wconf 88' lang='lat' dir='ltr'>ibi</span> 
     </span>
     <span class='ocr_line' id='line_1_88' title="bbox 1330 3714 1920 3774; baseline 0.002 -14"><span class='ocrx_word' id='word_1_605' title='bbox 1330 3715 1623 3773; x_wconf 85' lang='lat' dir='ltr'>decesserit)</span> <span class='ocrx_word' id='word_1_606' title='bbox 1657 3714 1920 3774; x_wconf 88' lang='lat' dir='ltr'>sepelitur.</span> 
     </span>
    </p>
   </div>
   <div class='ocr_carea' id='block_1_7' title="bbox 2389 22 2548 143">
    <p class='ocr_par' dir='ltr' id='par_1_16' title="bbox 2389 22 2548 143">
     <span class='ocr_line' id='line_1_89' title="bbox 2389 22 2548 143; baseline 0 0"><span class='ocrx_word' id='word_1_607' title='bbox 2389 22 2548 143; x_wconf 95' lang='lat' dir='ltr'>   </span> 
     </span>
    </p>
   </div>
  </div>
 </body>
</html>
