2548 4042
145 30 244 91 188

544 49 669 89 uns
704 49 907 89 rain·
924 8 1342 92 monsacutu-
1361 0 1533 92 raacr.
1555 48 1627 90 ιιι.
1565 0 2196 109 »emneiffissff‘
2263 21 2342 45 ”
2362 14 2477 123 ,ss-³„

139 133 457 190 collectum
489 136 580 188 est
608 132 767 188 enim
794 147 871 188 ex
900 132 1231 204 praeceptis
1258 132 1719 204 pertinentibus
1729 133 1806 190 ad
1844 133 2040 202 fldem,
2056 134 2140 192 ad
2167 147 2442 207 mores..-
2480 94 2548 218 ’ἶπες

135 223 213 278 ad
254 225 643 278 sacramenta.
685 222 795 279 Illa
834 222 1144 279 continent
1184 222 1274 279 SS.
1311 221 1644 288 Trinitatis,
1684 225 1747 280 et
1772 222 2200 282 Incarnationis
2237 241 2430 300 my·
2412 193 2548 296 ’π”.ζιζέ

137 312 320 367 steria
358 310 465 382 (3);
501 311 614 366 ista
653 312 1048 383 polygamiam
1091 315 1154 368 et
1194 313 1502 383 repudium
1544 314 1752 369 vetant
1780 310 1889 385 (4);
1933 314 2077 371 haec
2104 315 2380 385 spectant
2436 317 2463 347 ³'

133 402 208 455 ad
266 401 610 457 essentialia
649 404 1148 457 sacramentorum
1191 403 1255 457 N.
1291 403 1375 466 L.;
1419 418 1529 458 nec
1571 417 1686 457 non
1726 402 1803 457 ad
1842 403 2263 474 obligationem
2306 418 2380 460 ea

136 491 530 557 ministrandi,
554 494 616 548 et
638 491 963 563 recipiendi
993 490 1151 563 (narn
1180 492 1465 561 obligatio
1487 506 1560 548 ea
1586 491 1961 548 ministrandi
1989 493 2063 550 ad
2081 493 2377 563 ,iustitiam

137 580 231 637 vel
274 581 586 636 caritatem
628 580 929 653 pertinet).
958 582 1362 645 NihilominuS,
1393 580 1443 636 si
1479 580 1778 636 subtiliter
1825 581 2181 652 inspicimuS,
2212 596 2377 652 prae·

136 674 310 741 cepta
338 686 492 742 quae
525 672 598 726 ad
628 672 800 726 fldem
834 673 1150 742 pertinent,
1187 687 1298 726 non
1321 673 1421 740 jus
1450 685 1667 725 novum
1699 669 2083 735 constituunt,
2113 671 2214 728 sed
2245 685 2376 728 con·
2425 671 2429 677 '
2463 645 2472 655 ⁸

137 760 334 815 stituti
368 762 562 837 potius
582 762 891 816 materiam
913 765 1140 831 augent
1162 761 1261 832 (5):
1286 776 1438 830 quae
1460 760 1535 815 ad
1556 760 1950 830 polygamiam
1973 762 2032 816 et
2054 761 2379 831 repudium,

125 853 227 920 jus
269 851 632 920 primaevum
677 851 1004 907 restituunt
1030 850 1123 923 (6).
1167 851 1553 914 Quamobrem
1597 850 1655 904 in
1699 852 1823 904 tota
1852 850 1988 920 lege
2030 850 2381 919 evangelica

138 940 363 996 nullum
393 941 684 996 contineri
715 956 927 996 novum
964 942 1360 1011 praeceptum,
1391 939 1645 1009 demptis
1675 939 1764 994 his
1791 954 1944 1009 quae
1974 939 2278 1009 pertinent
2304 938 2381 996 ad

136 1032 524 1094 sacramenta,
555 1033 646 1086 est
675 1048 941 1084 commune
967 1029 1178 1084 azioma
1199 1029 1294 1101 (7),
1325 1037 1590 1083 commune
1618 1030 1797 1099 doyma
1828 1030 1897 1098 (8)
1932 1021 2379 1099 Theologorum.

212 1121 335 1175 197.
367 1122 468 1175 Jus
497 1121 920 1189 Evangelicum
955 1121 1388 1190 promulgatum
1418 1120 1528 1174 suit
1556 1135 1659 1190 per
1687 1119 2009 1189 Apostolos,
2036 1119 2087 1174 S.
2118 1119 2170 1174 S.
2201 1119 2379 1175 misso

132 1211 206 1266 de
246 1210 434 1274 coelo;
480 1209 609 1265 ideo
651 1225 765 1265 non
807 1213 898 1264 est
938 1210 1202 1273 evidens,
1249 1209 1329 1264 uti
1364 1210 1464 1279 jus
1509 1209 1812 1273 naturale;
1853 1209 1955 1264 sed
1998 1211 2105 1274 est,
2138 1210 2201 1264 ut
2231 1208 2380 1264 illud

131 1299 292 1368 (licet
319 1299 439 1353 alia
480 1299 726 1362 ratione,
757 1301 817 1353 et
845 1297 1063 1370 aliter),
1095 1299 1449 1362 universale,
1493 1301 1553 1354 et
1597 1298 1981 1354 immutabile.
2011 1298 2377 1362 Universale,

132 1389 349 1460 quippe
370 1386 635 1443 Christus
658 1387 926 1442 omnibus
948 1387 1231 1456 gentibus
1260 1404 1382 1451 rex,
1406 1388 1691 1451 domium,
1718 1388 1928 1456 legifer
1951 1388 2124 1443 datus
2146 1392 2236 1443 est
2261 1386 2342 1461 (9)
2363 1404 2376 1452 ;

132 1483 195 1535 et
234 1479 358 1549 ipse
401 1478 545 1532 illud
583 1493 755 1531 omnes
784 1484 958 1546 pentes
998 1492 1237 1532 servare
1269 1477 1448 1546 jussit
1476 1476 1606 1548 (10).
1636 1477 2026 1544 Immutabile,
2067 1481 2195 1532 tum
2235 1477 2376 1548 quia

132 1569 479 1623 duraturum
517 1570 610 1623 est
653 1582 837 1637 usque
878 1568 950 1621 ad
993 1567 1496 1622 consumationem
1538 1566 1782 1631 saeculi,
1812 1569 1936 1621 tum
1975 1565 2115 1637 quia
2157 1566 2379 1623 nemini
2448 1635 2452 1638 ψ

129 1659 333 1713 datum
353 1660 444 1712 est
468 1657 521 1711 ei
546 1658 853 1726 derogare.
878 1657 1221 1720 Quaesitum
1252 1658 1359 1718 est,
1383 1672 1459 1711 an
1483 1658 1548 1711 R.
1572 1655 1633 1710 P.
1658 1657 1755 1727 qui
1780 1654 1991 1711 Christi
2020 1656 2178 1712 vices
2202 1656 2380 1726 gerit,

80 1750 82 1752 ’
133 1747 314 1817 possit
345 1746 403 1801 in
427 1762 495 1802 eo
518 1747 882 1816 dispensare:
902 1748 1271 1801 affirmarunt
1294 1749 1530 1802 veteres
1553 1747 1786 1816 quidam
1818 1763 1893 1802 ex
1919 1745 2080 1802 Matt.
2107 1734 2266 1812 XVI,
2290 1748 2376 1810 19,

137 1839 502 1906 Quodcumque
535 1840 765 1900 solveris,
795 1840 906 1893 etc.
935 1836 1074 1910 (ll.);
1121 1840 1304 1906 negat
1345 1839 1646 1893 sententia
1690 1838 1865 1906 longe
1908 1838 2285 1901 communior,
2317 1839 2379 1894 et

130 1929 341 1991 verior,
374 1944 448 1983 ex
476 1943 654 1983 sensu
697 1929 1015 1990 Ecclesiae,
1047 1943 1199 1998 quae
1242 1943 1540 1998 nunquam
1570 1943 1676 1982 usa
1712 1931 1803 1983 est
1845 1926 2174 1998 hujusmodi
2216 1929 2376 1998 pote-

191 2178 219 2222 3
251 2177 395 2224 Joan.
420 2176 550 2232 XIV,
586 2177 653 2231 10,
683 2176 763 2231 26;
797 2176 818 2221 I
846 2176 1025 2223 Joann.
1059 2178 1104 2234 5,
1134 2179 1177 2225 7.

119 2301 122 2304 ,
191 2251 219 2294 4
253 2249 395 2294 Matt.
438 2249 506 2303 19,
539 2249 580 2292 5.

197 2321 224 2366 5
259 2320 404 2366 Suar.
436 2319 497 2372 X,
529 2318 573 2375 2,
595 2319 637 2363 5.
662 2318 721 2364 V.
744 2319 803 2365 D.
827 2318 950 2366 Tho.
977 2318 1081 2375 1,2,
1110 2319 1206 2376 108,

136 2394 238 2437 ΑΑ.
274 2393 310 2443 l,
345 2393 386 2436 2.

196 2464 223 2506 6
242 2462 318 2507 Ex
339 2463 551 2510 Constit.
568 2464 832 2513 Arcanum
851 2462 952 2509 Leo
967 2462 1205 2514 PP.XIII‚

140 2534 194 2579 10
225 2532 341 2580 Feb.
373 2533 498 2576 1880.
525 2533 580 2577 V.
615 2533 798 2579 Bened.
833 2534 959 2579 XIV.
992 2534 1047 2581 C.
1072 2537 1201 2592 Apo-

132 2607 303 2652 stolici
334 2606 635 2651 ministerii.

1307 2179 1377 2224 ris
1411 2177 1661 2224 naturalis
1696 2180 1845 2235 sunt3
1876 2190 2005 2238 quae
2028 2178 2160 2224 ritus
2193 2178 2245 2223 et
2268 2189 2379 2224 cae-

1307 2250 1561 2296 remonias
1620 2255 1743 2296 sunt
1787 2250 1922 2310 juris
1982 2249 2224 2296 canonici.
2275 2245 2376 2295 Sed

1307 2334 1471 2366 nonne
1525 2320 1770 2369 Christus
1824 2320 2125 2366 mandatum
2182 2331 2375 2366 novum

1308 2395 1538 2447 (mutuae
1562 2393 1810 2446 caritatis)
1841 2391 1981 2438 dedit
2004 2391 2184 2438 nobis?
2209 2391 2372 2447 (Joan.

1313 2463 1381 2517 13,
1400 2463 1507 2516 34)?
1528 2463 1748 2518 Minime,
1768 2463 1858 2508 sed
1878 2476 2065 2508 novum
2085 2463 2234 2519 dixit,
2254 2462 2376 2522 quia

1307 2535 1634 2581 obliteratum
1694 2534 1775 2590 (S.
1836 2534 1991 2582 Clem.
2049 2532 2259 2579 Alexan.
2317 2531 2377 2578 V.

1308 2607 1453 2653 Snar.
1488 2607 1556 2662 10,
1589 2606 1633 2661 2,
1662 2606 1753 2664 12).
1786 2606 1895 2661 Quo
1919 2618 2072 2650 sensu
2100 2604 2147 2649 S.
2172 2603 2378 2663 Gregor.

191 2678 219 2720 7
255 2675 438 2723 Sanch.
475 2674 536 2719 M.
571 2675 680 2729 VII,
714 2676 789 2729 52,
820 2676 863 2720 2.

195 2750 222 2792 8
257 2748 443 2794 Suarez
489 2747 555 2801 10,
586 2746 629 2801 2,
663 2747 735 2792 20,
771 2749 844 2793 De
884 2749 1092 2794 Censur.
1132 2750 1207 2803 40,

133 2828 179 2874 4,
210 2821 251 2865 4.
286 2818 491 2865 Scilicet
513 2822 648 2875 quod
683 2822 760 2865 est
783 2821 1117 2876 potissimum
1150 2821 1206 2866 in

135 2897 239 2948 lege
279 2893 402 2937 novi
438 2893 749 2945 testamenti,
789 2895 838 2938 et
869 2892 926 2937 in
964 2903 1062 2948 quo
1098 2895 1205 2936 tota

135 2966 303 3007 virtus
340 2966 451 3020 ey’as
483 2965 737 3016 consiscit,
772 2968 848 3010 est
882 2963 1202 3020 yrate'a‘Spi·

131 3037 271 3079 ritus
310 3038 504 3086 Sancti,
547 3048 682 3092 quae
721 3038 883 3080 datur·
918 3048 1018 3091 per
1050 3036 1206 3092 fidem

138 3106 335 3152 Christi
369 3107 442 3150 (Β.
478 3107 599 3152 Tho.
641 3107 676 3160 l,
711 3107 753 3160 2,
795 3106 894 3159 106,
924 3106 978 3162 l).
1008 3107 1090 3151 Sic
1113 3107 1206 3162 iqi-

133 3182 221 3222 tur
254 3179 343 3223 leoe
366 3190 500 3222 nova
525 3180 657 3223 nihil
680 3179 832 3223 aliud
856 3180 1207 3223 determinare

133 3249 310 3295 debuit
335 3251 709 3304 praecipiendo
749 3254 828 3295 vel
861 3251 1206 3306 prohibendO,

130 3321 241 3365 ‘nisi
250 3325 587 3364 sacramenta
605 3325 652 3367 ec
669 3323 896 3366 moralia
904 3324 1203 3377 praecepta,

133 3394 262 3449 puta
293 3403 392 3435 non
433 3403 544 3435 esse
580 3392 925 3444 occidendum,
958 3405 1057 3436 non
1092 3404 1202 3437 esse

134 3461 405 3506 furandum
437 3460 519 3519 (ib.
554 3462 650 3513 108,
675 3463 732 3509 2).
762 3462 952 3521 Itaque,
981 3463 1202 3521 demptis

132 3533 213 3577 his
257 3534 557 3593 praeceptis,
598 3533 705 3578 sola
746 3538 1063 3579 sacramenta
1108 3547 1199 3578 su·

131 3609 355 3662 persunt.
378 3604 499 3650 Dixi
526 3608 598 3650 ad
621 3607 933 3658 essentialia,
968 3608 1060 3650 etc.
1084 3618 1201 3650 narn
1239 3651 1243 3654 ,

129 3688 258 3734 quae
294 3678 625 3723 reverentiam
655 3690 826 3722 eorum
862 3679 1095 3734 spectant
1119 3676 1202 3734 ju·

1306 2678 1367 2722 M.
1389 2677 1536 2730 dixit,
1561 2678 1691 2722 Eum
1725 2689 1860 2722 nova
1885 2679 2145 2722 mandata
2175 2674 2380 2721 dedisse

1306 2747 1597 2793 hominibus
1633 2749 1842 2805 (Homil.
1877 2747 1936 2791 32
1969 2749 2024 2793 in
2056 2747 2286 2803 Evam).

1366 2820 1395 2864 9
1429 2818 1547 2864 Isai.
1583 2820 1656 2871 55,
1689 2820 1733 2865 4.
1765 2819 1948 2865 Jerem.
1982 2818 2056 2872 31,
2089 2817 2164 2863 31.

1371 2891 1425 2934 10
1457 2891 1599 2936 Matt.
1634 2891 1708 2945 28,
1731 2890 1803 2934 20.
1826 2890 1892 2934 Et
1914 2889 1974 2935 de
1998 2888 2081 2934 his
2112 2900 2243 2948 quae
2264 2901 2377 2948 per·-

1304 2963 1472 3007 tinent
1517 2960 1579 3006 ad
1613 2960 1782 3012 fidem,
1814 2958 2025 3019 planum
2066 2962 2165 3004 est:
2198 2957 2260 3004 de
2293 2957 2377 3003 his

1303 3046 1433 3094 quae
1456 3034 1519 3079 ad
1544 3046 1723 3086 mores,
1749 3034 1800 3077 et
1824 3030 1887 3077 ad
1916 3030 2227 3090 baptismum
2250 3028 2377 3074 reci-

1306 3105 1563 3165 piendum,
1581 3117 1727 3150 nemo
1748 3115 1974 3161 unquam
1993 3099 2265 3153 dubitavit,
2284 3101 2375 3145 aut

1305 3177 1523 3223 dubitat:
1565 3176 1636 3222 De
1676 3175 1856 3222 ceteris
1897 3171 2231 3219 sacramentis
2274 3183 2375 3216 non

1306 3250 1433 3294 satis
1466 3248 1702 3294 convenit
1735 3247 1865 3291 inter
1897 3245 1992 3298 TT,
2043 3245 2213 3288 utrum
2250 3241 2380 3288 infl-

1306 3318 1444 3363 deles
1477 3317 1691 3363 debeant
1714 3329 1771 3362 ea
1795 3316 2071 3373 suscipere,
2094 3325 2159 3358 an
2182 3310 2371 3356 minus.

1373 3390 1416 3433 11
1460 3388 1517 3434 V.
1550 3387 1731 3434 Sanch.
1766 3386 1827 3430 M.
1862 3383 1996 3439 VIII,
2028 3384 2073 3438 6,
2103 3384 2149 3427 5.
2182 3380 2373 3440 Nempe

1304 3474 1366 3505 ex
1401 3458 1575 3504 Matth.
1616 3457 1747 3509 XVI,
1796 3456 1871 3513 19;
1917 3458 1968 3500 et
2007 3455 2266 3514 praeterea
2308 3462 2372 3496 ex

1304 3532 1452 3583 votis,
1485 3533 1535 3575 et
1578 3527 1900 3574 matrimonio
1944 3529 2070 3580 rato,
2101 3524 2154 3569 in
2185 3520 2371 3582 quibus

1304 3602 1360 3647 R.
1385 3602 1436 3647 P.
1458 3600 1713 3646 interdum
1739 3598 2004 3657 dispensat
2031 3593 2107 3653 (V.
2132 3593 2275 3639 Pont.
2305 3591 2373 3638 M.

1303 3673 1438 3728 VIII,
1470 3673 1533 3730 3).
2156 3705 2179 3733 ο
