2548 4042
163 21 271 79 208
576 36 703 75 uns
737 35 894 75 rama
918 47 943 61 -
965 34 1339 77 Ριιοιιοοιιειιι
1360 47 1385 62 -
1405 0 1591 76 τηατ.
1605 0 1683 76 ιιι.Ι
1697 15 1763 76 ιιι
1778 0 2108 86 mmbvff

281 229 429 282 ΛΒΤ.
458 227 525 280 11.
555 227 634 280 De
662 226 969 295 prindeqiis,
995 225 1473 296 dispensationibus,
1514 232 1567 279 ee
1599 199 1878 299 rescriptis.
1907 230 2293 288 Praenotanda.

241 390 366 444 222.
397 388 720 457 Privilegia
749 390 810 444 et
848 387 1321 458 dispensationes
1360 393 1500 445 sunt
1526 391 1792 462 Principis
1812 396 2016 461 ,qo-aetas
2039 398 2266 468 singulis
2289 416 2408 455 oon-

164 497 353 534 eessae:
379 479 479 532 illa
511 479 855 532 beneficium
889 482 1208 547 praestant,
1235 479 1344 533 hae
1370 478 1506 548 lege
1538 480 1595 532 in
1624 481 1822 551 aliquo
1851 497 1993 539 casu
2018 499 2120 541 nos
2142 486 2401 544 solvunt:

164 569 451 637 rescripta
492 583 631 622 vero
670 570 810 621 sunt
853 582 1131 637 responsa
1171 568 1457 638 Principis
1497 569 1733 639 scripta,
1769 570 1982 640 quibus
2022 590 2303 631 concessa
2328 578 2404 634 ab

162 672 231 713 eo
275 656 606 728 privilegia,
648 657 740 712 vel
791 657 1263 725 dispensationes
1313 658 1711 714 continentur.
1753 660 1932 716 Porro
1980 665 2260 722 solemnis
2311 670 2407 724 est

160 747 311 817 apud
355 746 607 809 Nostros,
650 751 712 802 et
760 745 1109 802 Canonistas
1156 748 1457 801 distinctio
1505 750 1834 817 gratiarum
1877 751 1934 806 in
1980 752 2169 811 factas
2210 758 2274 813 et
2318 756 2402 813 sa·

159 836 417 891 ciendas.
446 835 607 899 Quae
652 851 762 890 non
794 851 869 890 ex
896 839 1091 905 reipsa
1133 838 1387 905 petenda
1427 842 1534 899 est,
1573 839 1675 892 sed
1719 855 1794 894 ex
1836 841 2143 899 voluntate
2186 860 2404 903 conce-

158 926 382 990 dentis;
417 942 526 980 non
570 928 727 981 enim
770 925 987 979 dicitur
1028 926 1224 994 gratia
1252 926 1408 980 sacta
1436 942 1569 980 cum
1613 929 1877 997 perfecta
1919 931 2095 986 fuerit
2140 934 2296 990 ultro
2323 936 2404 991 ci·

159 1019 384 1088 troque,
411 1017 514 1071 sed
555 1032 684 1071 cum
732 1017 778 1070 is
818 1015 915 1086 qui
951 1016 1107 1070 illam
1146 1016 1416 1071 concedit
1447 1015 1595 1088 (sive
1627 1034 1730 1087 per
1769 1035 1851 1080 se,
1882 1021 2008 1076 sive
2040 1037 2145 1091 per
2170 1023 2398 1096 alium),

157 1109 372 1162 annuit
404 1106 669 1176 petitioni
704 1105 794 1175 (1).
840 1106 931 1160 Uti
967 1105 1149 1173 igitur
1188 1106 1441 1160 sciamus
1483 1109 1616 1161 utra
1656 1123 1727 1163 ea
1767 1108 1862 1171 sit,
1903 1113 2044 1165 ante
2084 1113 2280 1168 omnia
2319 1114 2404 1170 di-

157 1196 522 1266 spiciendum
565 1199 674 1258 est,
717 1199 916 1249 utrum
957 1193 1239 1264 Princeps
1280 1196 1530 1264 ipsemet
1578 1211 1707 1250 eam
1756 1201 2055 1262 concedat,
2105 1216 2183 1256 an
2224 1203 2402 1259 alteri

157 1286 590 1339 concedendam
634 1285 923 1338 remittat:
963 1284 1107 1347 sive,
1149 1285 1236 1338 uti
1280 1300 1436 1338 nunc
1477 1286 1664 1354 ajunt,
1707 1290 1902 1342 utrum
1947 1304 2076 1344 eam
2118 1293 2401 1348 concedat

156 1374 217 1428 in
259 1374 440 1428 forma
461 1376 715 1442 yraeiosa,
741 1389 816 1426 an
850 1373 907 1425 in
941 1373 1123 1426 forma
1146 1375 1514 1426 commis-soria.
1544 1374 1788 1436 Quando
1818 1377 2066 1445 ipsemet
2108 1395 2238 1435 eam
2267 1396 2403 1437 con-

154 1462 315 1518 cedit
357 1464 416 1516 in
460 1463 715 1530 gratiam
757 1463 886 1531 ejus
929 1464 1022 1516 cui
1069 1461 1230 1515 illam
1272 1463 1567 1527 concedit;
1597 1463 1723 1518 sive
1766 1480 2052 1533 personae
2089 1469 2399 1539 singulari,

155 1569 208 1606 v.
238 1569 305 1615 c.‚
337 1554 507 1620 T2·tio‚·
533 1553 659 1606 sive
692 1566 976 1620 personae
1006 1551 1211 1605 morali
1242 1566 1371 1605 eam
1402 1553 1702 1614 concedat,
1734 1557 1877 1621 puta
1902 1555 2082 1610 alicui
2124 1558 2401 1614 Instituto

152 1642 435 1711 regulari,
491 1645 597 1695 aut
649 1640 926 1709 CollegiO,
970 1640 1335 1709 regulariter
1381 1641 1539 1695 facta
1595 1642 1958 1711 intelligitur
2009 1644 2104 1717 (2).
2159 1646 2404 1709 Quando

151 1738 353 1789 autem
394 1749 524 1790 eam
564 1733 738 1788 alteri
770 1733 1204 1788 concedendam
1239 1732 1509 1795 remittit,
1540 1734 1708 1787 modo
1735 1735 1904 1798 sacta,
1934 1739 2101 1791 modo
2131 1735 2402 1795 facienda

153 1825 516 1894 intelligitur
554 1822 655 1892 (3):
701 1823 1062 1891 intelligitur
1102 1822 1259 1876 facta
1300 1823 1347 1875 si
1391 1838 1543 1886 eum,
1574 1824 1667 1877 cui
1712 1826 1953 1880 mandat
1996 1827 2157 1881 illam
2197 1843 2399 1885 conce-

151 1916 310 1978 dere,
366 1913 675 1968 constituit
722 1919 1084 1982 exequutorem
1136 1914 1521 1977 necessarium;
1570 1912 1660 1966 sin
1710 1916 2078 1981 volontarium,
2126 1917 2395 1974 facienda

151 2007 431 2060 censetur
461 2002 556 2074 (4).
587 2003 790 2057 Utrum
818 2018 956 2058 vero
986 2017 1119 2055 eum
1150 2003 1532 2056 constituerit
1561 2004 1863 2057 aestimari
1892 2006 2070 2060 debet
2098 2022 2172 2063 ex
2198 2009 2395 2064 verbis

149 2094 432 2158 mandati,
459 2107 565 2148 seu
595 2095 834 2161 rescripti
858 2090 951 2162 (5).
995 2092 1115 2144 Hoc
1144 2094 1344 2146 autem
1373 2092 1552 2146 distat
1593 2092 1750 2147 inter
1777 2095 2036 2162 gratiam
2079 2096 2293 2152 factam
2335 2104 2397 2153 et

213 2271 230 2314 l
267 2270 411 2316 Reiff.
446 2270 484 2323 Ι,
510 2270 552 2323 3,
576 2271 678 2324 250,
702 2275 792 2317 etc.
819 2271 1025 2318 Gratiae
1049 2271 1215 2317 Ponti-

148 2341 293 2387 ficiae
327 2341 530 2387 concedi
556 2341 797 2387 dicuntur
827 2342 903 2387 vel
938 2347 1079 2388 motu
1100 2355 1223 2399 pro·

139 2414 284 2469 prio,
332 2412 410 2456 vel
439 2437 458 2445 -
486 2416 556 2457 ad
595 2426 773 2469 preces
814 2415 1168 2470 supplicantis
1195 2438 1216 2449 ·

148 2482 290 2527 Motu
324 2483 527 2541 proprio
561 2497 619 2528 ea
652 2498 892 2529 concessa
927 2484 1219 2543 intelligun-

1314 2269 1427 2329 jum
1469 2284 1497 2315 a
1535 2273 1809 2317 reservatis
1848 2271 2093 2326 absolvat,
2128 2273 2396 2335 dispenset

1321 2340 1384 2385 ab
1418 2340 1905 2399 irregularitatibus,
1937 2341 1999 2388 ab
2032 2343 2395 2403 impedimento

1324 2410 1385 2456 ad
1437 2412 1834 2458 contrahendum
1884 2415 2288 2462 matrimonium:
2333 2420 2394 2461 ut

2126 0 2162 14 ιν.
2202 0 2212 9 =
2334 7 2335 10 ,

2118 14 2186 56 ἐέρῧ,
2198 27 2246 68 (δελ
2259 19 2298 54 ..ἐτη
2310 13 2359 62 ’,ιι--
2414 50 2418 54 ⁴

2144 59 2162 82 k
2207 67 2220 89 .'
2279 58 2283 62 ¹
2304 62 2306 65 ⁸
2340 69 2378 92 Ὦ,
2394 63 2398 94 ,’
2414 75 2425 91 a
2455 95 2459 97 ‚

2324 92 2367 118 ς,
2400 97 2451 122 '‘2''-

2304 142 2306 146 '
2386 132 2392 140 ι
2407 123 2440 148 A,
2460 125 2481 149 τ’·

1322 2482 1470 2528 tollat
1502 2482 1563 2528 ab
1597 2483 1768 2543 aliqua
1805 2484 2034 2539 ecclesia,
2073 2485 2151 2530 vel
2182 2486 2407 2532 civitate·

145 2557 245 2605 tur,
277 2553 330 2598 in
364 2553 550 2611 quibus
585 2554 707 2600 haec
751 2555 983 2601 clausula
1027 2556 1220 2602 inserta

144 2626 243 2676 θεῖς
269 2623 331 2668 ad
358 2637 528 2680 preces
563 2624 903 2682 supplicantis
933 2639 1005 2677 ea,
1034 2627 1081 2670 in
1108 2626 1220 2685 qui-

147 2693 241 2739 bus
291 2694 457 2747 deest3
511 2695 747 2754 quamvis
797 2696 1079 2740 rescribens
1130 2696 1219 2741 illa

144 2769 354 2824 rogatus
388 2767 713 2818 concesserit,
752 2766 874 2811 haec
909 2772 1086 2824 sponte
1123 2780 1218 2812 sua

150 2836 220 2889 [C.
243 2836 316 2883 23.
336 2838 410 2883 De
428 2837 609 2884 Praeb.
633 2838 683 2882 in
703 2837 773 2891 603
793 2837 978 2883 Sanch.
998 2838 1062 2883 M.
1084 2836 1216 2892 VIII,

150 2907 187 2962 l,
221 2908 286 2962 6).

202 2978 232 3021 2
264 2977 407 3023 Suar.
443 2978 574 3033 VIII,
608 2978 681 3032 31,
703 2979 747 3023 7.
770 2978 912 3025 Reiff.
937 2993 984 3026 n.
1008 2980 1097 3023 253
1125 2983 1215 3025 etc.

144 3048 263 3095 Sive
296 3063 406 3094 eam
442 3050 683 3096 concedat
716 3051 778 3097 ob
801 3051 961 3096 solam
990 3052 1099 3112 ejus
1133 3052 1216 3096 cui

143 3120 453 3174 conceditur,
473 3123 579 3166 sive
600 3122 662 3166 ad
688 3136 1004 3167 communem
1028 3126 1095 3174 (et
1116 3134 1215 3167 non

142 3195 309 3235 certae
358 3191 573 3251 alicujus
623 3192 902 3251 singularis
953 3194 1216 3252 personae)

142 3261 436 3306 utilitatem.
469 3261 537 3306 Ut
570 3268 694 3321 puta
728 3263 1051 3322 privilegium
1085 3261 1211 3310 Ora·

144 3332 260 3377 torii
294 3332 500 3390 privati,
534 3332 855 3377 dimissoriae
889 3333 949 3378 ad
986 3333 1213 3379 ordines:

143 3403 221 3448 vel
243 3402 463 3448 facultas
490 3403 830 3461 praedicandi,
856 3403 1151 3449 absolvendi
1187 3419 1216 3451 a

141 3474 431 3528 reservatis,
485 3474 793 3519 concedendi
847 3475 1215 3533 indulgentias,

145 3543 475 3590 benedicendi
507 3549 598 3589 etc.

203 3616 231 3659 3
263 3615 409 3660 Suar.
447 3629 493 3659 n.
534 3615 599 3659 10.
633 3613 819 3660 Sanch.
862 3616 924 3661 M.
964 3615 1100 3669 VIII,
1140 3615 1215 3668 28,

141 3699 227 3734 nn.
247 3686 323 3742 64,
354 3686 428 3740 80,
449 3686 523 3732 90.
548 3685 604 3731 V.
628 3699 687 3739 0.,
712 3689 770 3731 ut
799 3686 1004 3742 Titium,
1029 3688 1106 3732 vel
1129 3687 1215 3733 Se-

1322 2552 1665 2607 interdictum‚
1700 2557 1793 2600 etc.
1816 2553 1952 2600 Haec
1976 2554 2157 2600 recidit
2178 2556 2230 2601 in
2254 2569 2394 2603 man-

1322 2622 1525 2679 datum;
1548 2623 1759 2683 ideoque
1784 2622 1972 2670 dicitur
1995 2624 2049 2669 in
2071 2625 2232 2672 forma
2250 2639 2389 2674 com-

1324 2695 1572 2739 missoria.

1384 2767 1410 2807 4
1442 2764 1509 2810 Cf.
1542 2763 1615 2809 De
1648 2764 1782 2811 Rosa
1816 2766 1891 2813 De
1923 2769 2144 2824 dispens.
2166 2770 2385 2816 Literar.

1320 2837 1488 2892 Aposc.
1521 2835 1629 2880 Par.
1669 2837 1708 2890 l,
1741 2836 1863 2896 Cap.
1894 2837 1937 2882 5.

1380 2906 1408 2949 5
1434 2905 1504 2951 De
1530 2906 1663 2951 Rosa
1682 2906 1711 2951 l.
1744 2919 1783 2951 c.
1805 2906 1982 2967 Itaque
2006 2910 2048 2954 si
2074 2909 2392 2969 rescripserit

1322 2987 1385 3032 (v.
1407 2989 1464 3027 c.‚
1493 2976 1793 3033 Ordinario),
1815 2981 2101 3034 dispenses,
2132 2981 2391 3036 absolvas,

1318 3050 1485 3108 gratia
1525 3049 1657 3093 facta
1698 3048 2017 3109 intelligitur,
2061 3065 2178 3098 nam
2214 3051 2384 3112 J'ubet;

1320 3121 1415 3165 etsi
1442 3119 1679 3180 adjecerit
1711 3119 2052 3168 conditionem
2091 3122 2251 3179 (Reiff.
2281 3124 2319 3178 1,
2347 3123 2391 3176 3,

1319 3192 1451 3248 257);
1486 3194 1610 3250 puta
1652 3192 1696 3236 si
1741 3191 1797 3236 R.
1830 3191 1881 3237 P.
1917 3193 2293 3253 dispensaverit
2334 3193 2387 3240 in

1319 3262 1682 3321 impedimento
1708 3263 1899 3309 mixtae
1931 3263 2207 3323 religionis,
2229 3267 2384 3310 dum-

1318 3334 1462 3377 modo
1484 3336 1661 3389 sponsi
1685 3336 2032 3390 promiserint
2051 3349 2106 3382 se
2129 3336 2385 3382 ministel-

1319 3406 1427 3447 lum
1449 3415 1554 3449 non
1578 3405 1820 3449 adituros
1847 3428 1867 3438 -
1893 3404 1972 3449 vel
2003 3404 2047 3449 ei
2073 3403 2388 3451 mandaverit

1318 3474 1506 3535 Sejum,
1527 3477 1843 3521 renunciata
1868 3477 2130 3531 pensione,
2151 3476 2205 3520 in
2235 3474 2382 3520 bene-

1316 3545 1431 3591 ficio
1454 3546 1747 3591 instituere:
1772 3547 1977 3591 tametsi
2003 3544 2385 3601 addiderit‚pro

1314 3621 1402 3660 tuo
1435 3618 1651 3662 arbitrio
1676 3620 1725 3663 et
1743 3618 2036 3664 conscentia
2060 3614 2154 3672 (Ex
2179 3615 2228 3661 S.
2250 3614 2304 3662 C.
2326 3614 2381 3664 C.

1312 3688 1341 3731 6
1357 3686 1473 3735 Dec.
1486 3688 1600 3732 1846
1604 3702 1643 3745 );
1659 3688 1846 3747 quippe
1863 3687 1987 3732 haec
2005 3684 2237 3732 clausula
2251 3684 2385 3731 inse-

2528 2558 2548 2579 ,Γ
2523 2454 2548 2546 aasz:

2509 3791 2548 3852 «ι
