2548 4042
183 51 282 109 184

168 153 456 225 positione
497 152 812 224 singulari;
855 153 1005 209 haec
1043 152 1251 223 utique
1290 166 1540 209 erronea
1576 120 1703 211 tota
1734 116 1986 212 dicenda
2010 77 2161 223 eet,
2161 115 2427 238 ..
2529 131 2538 169 ³

165 244 614 315 interpretanda
654 242 773 299 erit
809 258 843 296 a
883 258 1040 297 sensu
1081 244 1344 297 contrario
1369 240 1508 315 (67).
2347 238 2354 249 ·
2394 240 2455 270 ··³·

1116 451 1353 509 CAPUT
1394 454 1459 508 11.

769 573 867 614 DE
928 573 1296 614 Lamnus
1355 573 1436 613 IN
1497 573 1803 615 spncxn

888 738 1036 794 ΛΒΤ.
1078 739 1118 792 Ι.
1161 740 1239 791 De
1266 738 1394 805 jure
1436 741 1694 793 naturali.

241 860 363 915 190.
386 859 552 923 Ord0‚
575 874 689 930 quo
716 858 902 914 omnis
932 874 1126 914 rerum
1158 861 1369 914 natura
1399 859 1751 922 continetur,
1775 861 2022 917 aeterna
2050 862 2151 918 Dei
2182 861 2411 921 ratione

160 951 219 1006 et
247 949 555 1004 voluntate
587 949 694 1004 suit
725 949 1095 1012 constitutae,
1122 950 1182 1004 et
1212 948 1472 1017 regitur3
1506 963 1659 1019 quae
1690 949 1907 1005 idcirco
1934 952 2191 1008 omnium
2222 953 2411 1025 prima

160 1041 335 1110 hujus
362 1039 597 1102 ordiniS‚
629 1044 689 1093 et
723 1053 996 1108 suprema
1039 1039 1266 1108 regula,
1302 1054 1407 1094 seu
1437 1041 1522 1093 lex
1552 1043 1668 1103 est;
1700 1047 1918 1096 aeterna·
1940 1043 2181 1112 proinde
2209 1045 2411 1117 appel-

157 1129 297 1185 lata.
328 1130 447 1184 Lex
478 1129 664 1198 igitur
695 1130 946 1183 aeterna
987 1128 1132 1183 nihil
1172 1128 1333 1183 aliud
1377 1131 1467 1183 est
1510 1129 1651 1197 (lata
1694 1130 2130 1198 significatione
2162 1137 2412 1206 accepto

158 1219 311 1288 legis
339 1219 647 1289 vocabulo)
675 1234 850 1288 quam
881 1220 1037 1271 Ratio
1064 1226 1111 1272 et
1138 1220 1382 1272 voluntas
1403 1221 1506 1272 Dei
1528 1227 1742 1273 aeterna
1772 1222 2004 1275 ordinem
2024 1225 2408 1294 praescrsptum

157 1311 364 1363 servari
390 1311 599 1376 jubens,
617 1311 926 1378 perturbari
944 1315 1123 1362 vetans
1152 1306 1244 1379 (l).
1277 1309 1435 1363 Haec
1465 1309 1560 1363 lex
1590 1311 1680 1364 est
1704 1310 1828 1365 sous
1857 1312 1920 1365 et
1948 1311 2115 1380 origo
2143 1313 2406 1369 universi

148 1397 318 1467 juris,
362 1413 496 1451 nain
539 1413 613 1452 ex
654 1412 726 1451 ea
768 1397 1003 1467 profluit
1031 1397 1128 1451 lex
1157 1398 1474 1460 naturalis;
1508 1413 1544 1453 a
1578 1398 1715 1468 lege
1754 1403 1954 1455 autem
1998 1402 2256 1458 naturali
2287 1402 2411 1458 ini-

155 1487 305 1542 tium
346 1490 406 1543 et
447 1489 686 1551 statum,
729 1489 789 1541 et
831 1502 1092 1541 normam
1134 1487 1375 1557 capiunt
1415 1502 1617 1543 omnes
1657 1488 1827 1558 leges
1867 1491 2195 1560 positivae..

235 1579 359 1633 191.
402 1577 660 1631 Primum
711 1577 896 1645 igitur
945 1576 1042 1630 lex
1080 1577 1182 1631 Dei
1232 1579 1482 1632 aeterna
1534 1577 1867 1634 hominibus
1909 1595 2013 1650 per
2053 1583 2275 1638 rectam
2314 1564 2408 1639 ra-

157 1669 376 1723 tionem
419 1668 791 1737 promulgata
831 1667 985 1736 legis
1026 1667 1317 1722 naturalis
1347 1682 1558 1723 nomen
1601 1668 1758 1722 subit
1786 1667 1892 1741 (2):
1923 1670 2152 1726 definiri
2185 1673 2407 1742 potest;

157 1763 315 1814 Recta
357 1763 490 1813 ratio
530 1762 691 1813 insita
732 1767 951 1823 natura,
978 1767 1027 1812 et
1051 1761 1295 1811 voluntas
1330 1759 1509 1812 divina
1549 1776 1678 1827 quae
1709 1759 1857 1828 jubet
1896 1778 1955 1814 ea
1994 1778 2124 1830 quae
2149 1763 2408 1828 facienda
2472 1762 2474 1765 ’
2520 1811 2548 1843 -:

153 1857 298 1915 sunt,
327 1851 650 1919 prohibetque
689 1853 959 1902 contraria
998 1847 1090 1920 (3).
1134 1851 1308 1913 Ratio,
1351 1850 1491 1918 quia
1548 1865 1659 1904 non
1705 1851 1976 1906 consistit
2019 1867 2094 1908 ex
2133 1853 2261 1908 sola
2300 1853 2404 1911 Dei

158 2033 440 2080 doctrinam
481 2032 623 2078 illam
663 2031 956 2077 damnatam
1001 2031 1161 2078 fuisse
1206 2047 1233 2079 a

154 2105 276 2151 Ben.
309 2103 441 2150 XIV.
478 2107 544 2148 At
575 2117 674 2149 non
711 2103 849 2157 bene,
890 2104 967 2148 uti
1002 2103 1230 2150 videtur:

163 2189 265 2221 non
318 2175 451 2220 enim
507 2174 750 2220 damnata
803 2173 902 2220 dici
958 2178 1126 2234 potest
1180 2175 1231 2220 in

160 2261 300 2307 prop.
335 2246 375 2292 1.
407 2246 596 2307 quippe
631 2259 733 2306 qua
766 2248 817 2291 et
849 2245 950 2292 alia
972 2246 1231 2291 continen-

158 2324 245 2364 tur
278 2319 379 2377 (vel
404 2318 767 2374 promotionis,
790 2318 924 2374 etc.);
947 2330 1038 2363 nec
1069 2317 1122 2362 in
1145 2316 1228 2371 IV,

156 2390 278 2449 quia
327 2389 450 2434 haec
497 2388 706 2434 damnat
748 2391 1024 2447 utrumque
1073 2387 1228 2433 simul

157 2464 455 2518 (acceptare
490 2465 538 2507 et
569 2462 786 2516 offerre)
810 2459 869 2504 V.
899 2458 1123 2518 Struggl.
1147 2459 1226 2504 Tr.

154 2530 263 2584 VII,
287 2546 333 2591 q.
357 2531 398 2585 3,
425 2535 516 2577 art.
539 2533 580 2580 ὃ,
607 2546 651 2576 n.
671 2532 746 2575 65.
779 2531 898 2576 Nisi
917 2535 1110 2577 constet
1132 2533 1225 2575 etc.

157 2603 298 2649 velut
321 2603 467 2650 haec:
499 2605 724 2648 Licitum
748 2608 825 2648 est
854 2604 1114 2649 sacerdoti
1140 2604 1226 2648 ab·

155 2677 417 2732 semiper
463 2678 668 2729 literas,
713 2678 791 2720 vel
836 2677 1089 2720 nuncium
1132 2687 1221 2718 sa-

153 2747 551 2793 cramentaliter
583 2745 834 2790 confiteri:
870 2750 921 2791 et
952 2747 1017 2790 ab
1052 2748 1224 2807 eod-em

154 2821 364 2865 absente
382 2819 750 2863 absolutionem
769 2819 1004 2873 accipere
1024 2842 1044 2850 -
1067 2830 1132 2876 qu
1143 2829 1223 2861 am

154 2889 448 2934 damnatam
470 2888 630 2934 fuisse
665 2888 717 2932 in
749 2901 906 2933 sensu
940 2887 1105 2932 diviso
1140 2886 1223 2932 de·

153 2961 366 3006 claravit
409 2959 549 3004 Paul.
595 2959 648 3004 V.
690 2960 742 3005 in
789 2959 873 3004 fer.
919 2958 975 3003 V.
1011 2960 1086 3015 (14
1130 2958 1219 3004 Ja-

155 3044 295 3075 nuar.
338 3031 480 3087 1605).

213 3101 271 3145 67
291 3102 441 3146 Velut
465 3103 514 3146 in
540 3102 635 3147 his.
656 3103 772 3148 Non
788 3103 1221 3159 peccatoraviter

153 3174 381 3216 maritus
405 3175 677 3219 occidendo
699 3186 922 3218 uxorem
946 3175 1222 3229 deprehen-

154 3243 343 3287 samin
364 3246 622 3289 adulterio
646 3243 804 3298 (Alex.
825 3242 932 3297 VII,
957 3243 1039 3299 19).
1060 3244 1220 3289 Prae·

150 3316 291 3369 cepto
341 3317 716 3359 communionis
766 3327 982 3361 annuae
1029 3316 1223 3373 satisfit

145 3398 245 3441 per
277 3386 590 3439 sacrilegam
614 3386 826 3431 Domini
858 3387 1219 3432 manducatio-

151 3469 268 3502 nem
299 3454 488 3506 (Innoc.
526 3454 607 3509 XI,
641 3457 731 3509 55).

217 3528 233 3571 ¹.
271 3526 318 3572 S.
353 3528 572 3586 August.
611 3527 779 3571 Contr.
817 3531 993 3573 Faust.
1034 3528 1109 3582 22,
1144 3529 1216 3573 27.

156 3600 419 3651 Ordinem,
442 3611 622 3657 nempe
656 3598 717 3643 ab
740 3600 958 3657 ipsomet
995 3598 1098 3645 Deo
1134 3613 1218 3645 na-

149 3673 292 3714 turae
311 3673 514 3715 auctore
533 3670 917 3728 praescriptum.
937 3670 1109 3726 Dices;
1129 3669 1218 3715 sed

146 3744 199 3786 et
214 3740 436 3787 ordinem
450 3741 562 3800 jure
582 3754 638 3786 ac
653 3740 852 3798 legibus
873 3742 1215 3785 constitutum

1335 2033 1387 2091 (5
1419 2033 1523 2092 152)
1547 2032 1829 2092 perturbari
1853 2036 2006 2089 vetat,
2031 2033 2109 2082 Ita
2131 2048 2270 2092 sane,
2289 2036 2404 2084 ideo

1335 2103 1677 2164 potestatibus
1719 2103 1966 2163 legitimis
2010 2105 2142 2152 nolle
2183 2105 2404 2164 obedire,

1335 2178 1510 2220 contra
1535 2175 1622 2234 jus
1664 2174 1897 2221 naturale
1939 2178 2042 2231 est;
2085 2179 2135 2223 et
2165 2177 2400 2239 singula·

1334 2246 1467 2291 rium
1506 2245 1677 2304 legum
1715 2245 1775 2292 ab
1810 2245 1883 2292 eis
1917 2246 2137 2293 latarum
2170 2252 2403 2296 contem-

1334 2317 1535 2376 ptus‚in
1555 2316 1855 2377 hujusjuris
1871 2319 2400 2382 contemptum‚atque
2445 2327 2451 2331 '
2492 2315 2512 2373 ᾗ

1332 2388 1444 2433 ideo
1478 2389 1529 2433 in
1570 2386 1660 2432 Dei
1705 2391 2065 2447 contemptum,
2099 2388 2297 2438 recidit.
2334 2390 2404 2436 Et

1331 2458 1580 2505 hactenus
1621 2460 1803 2506 harum
1850 2458 2021 2518 legum
2060 2461 2400 2520 transgressio

1330 2530 1511 2575 recidit
1544 2531 1703 2590 injus
1727 2533 1960 2585 naturae;
1986 2531 2038 2576 at
2063 2542 2179 2577 cum
2211 2530 2275 2577 ad
2297 2531 2402 2578 sin·

1329 2601 1530 2660 gularia
1563 2601 1945 2656 descendimu3‚
1982 2614 2027 2646 v,
2069 2614 2108 2647 c.
2149 2601 2194 2647 si
2230 2603 2403 2664 conju-

1328 2676 1483 2730 gatus
1509 2672 1660 2718 aliam
1699 2671 1867 2726 ducat,
1902 2670 1980 2717 vel
2014 2670 2101 2717 alii
2133 2671 2318 2727 nubat3
2353 2674 2399 2720 ei

1328 2743 1444 2803 quis
1481 2743 1562 2787 die
1596 2742 1806 2788 esuriali
1845 2742 2080 2788 comedat
2117 2756 2312 2796 carnes,
2351 2744 2398 2791 is

1327 2813 1450 2860 facit
1473 2816 1652 2859 contra
1685 2814 1996 2859 voluntatem
2027 2815 2136 2874 ejus
2162 2813 2250 2873 qui
2277 2813 2400 2860 haec

1331 2885 1511 2939 vetuit,
1555 2888 1708 2944 atque
1752 2884 1863 2930 ideo
1906 2898 2006 2930 non
2045 2885 2275 2931 naturale
2308 2885 2397 2945 Jus
2484 2887 2519 2941 ’,

1326 2955 1499 3007 violat,
1531 2955 1621 3001 sed
1654 2956 1950 3015 positivum.

1386 3027 1415 3070 2
1449 3027 1503 3072 D.
1541 3028 1659 3072 Tho.
1688 3029 1724 3082 1,
1751 3027 1803 3081 23
1835 3026 1910 3082 91,
1942 3027 1985 3073 2.

1385 3098 1413 3142 3
1466 3098 1524 3143 D.
1570 3098 1687 3143 Tho.
1735 3099 1800 3144 In
1842 3102 2101 3156 praecept.
2147 3100 2397 3146 charitat.

1325 3170 1552 3230 Exposit.
1580 3170 1856 3228 Prolegom.
1879 3170 2147 3215 Rationem
2178 3182 2295 3216 vero
2317 3182 2396 3217 ac·

1323 3242 1488 3301 cipere
1540 3241 1782 3287 debemus
1834 3243 2096 3287 dictamen
2144 3242 2387 3294 rationis,

1323 3314 1445 3372 quia
1489 3311 1572 3357 lex
1614 3313 1855 3372 (jussum,
1899 3313 2244 3371 praeceptum)
2281 3323 2394 3358 *non

1321 3385 1567 3438 habitum,
1603 3382 1692 3429 sed
1726 3387 1899 3429 actum
1932 3382 2205 3441 significat.
2238 3381 2395 3428 Recta

1324 3456 1495 3514 itaque
1525 3455 1668 3508 ratio,
1693 3467 1792 3499 non
1826 3454 1906 3499 lex
1931 3454 2044 3512 ipsa
2065 3454 2158 3508 est,
2182 3451 2272 3497 sed
2305 3464 2395 3512 per

1320 3538 1473 3583 quam
1507 3525 1587 3570 lex
1628 3523 1921 3570 hominibus
1965 3522 2252 3568 innotescit.
2287 3519 2388 3566 Ro-

1322 3598 1488 3642 manis
1521 3597 1563 3641 J.
1595 3597 1646 3644 C.
1676 3596 1868 3641 (stoicis
1901 3594 2000 3638 fere
2025 3590 2285 3651 omnibus)
2302 3590 2392 3651 jus

1320 3668 1554 3713 naturale
1578 3670 1657 3712 est
1677 3669 1811 3724 quod
1831 3675 2049 3712 NATURA
2074 3663 2253 3707 omnia
2275 3665 2395 3708 ani·
2479 3695 2482 3697 Α
2503 3711 2511 3722 .-

1320 3741 1527 3785 mantia
1560 3740 1738 3784 docuit
1771 3735 1845 3794 (L.
1877 3735 1922 3791 2,
1953 3738 1982 3788 5
2013 3733 2041 3778 3
2075 3733 2150 3780 De
2177 3733 2307 3779 Just.
2334 3735 2395 3794 *et
2429 3783 2440 3787 ,
