2548 4042
172 11 239 67 74
578 30 703 69 raas
735 30 939 70 rain-
962 29 1380 72 monacnum-
1406 30 1590 75 macr.
1605 33 1639 72 ι.
1669 33 1734 72 nt
1769 0 2051 77 »nasonis

2054 0 2057 2 ,
2084 0 2358 62 72*an

2107 51 2129 63 o
2212 40 2282 76 ,νύ
2360 57 2423 100 *Α

173 113 480 169 devenerit
521 113 876 169 domicilium
923 114 1180 185 acquirit
1222 114 1362 189 (13);
1404 131 1518 172 nec
1557 116 1742 172 semel
1789 73 2435 202 quaesitum'amittitfss
2473 94 2515 196 ,ς

170 203 281 258 nisi
324 218 454 257 cum
495 203 744 258 discedit
786 218 901 257 non
942 203 1194 273 amplius
1233 219 1583 261 reversurus
1611 203 1748 278 (14).
1777 207 2018 263 Demum
2058 161 2548 284 neceseaffm‘issfjss

170 308 238 346 eo
268 292 372 347 loci
420 293 589 354 inest,
621 293 678 345 in
721 307 835 362 quo
876 307 1120 349 necesse
1160 296 1252 348 est
1278 294 1620 349 commorari
1660 310 1882 365 poenae
1912 311 2116 361 causa3
2145 297 2278 354 ideo
2317 310 2426 354 re-v

171 386 406 451 legatus
431 381 506 435 ibi
537 381 894 436 domicilium
924 382 1117 446 habet,
1149 383 1247 436 ubi
1278 383 1586 452 relegatus
1614 387 1728 448 est;
1760 385 2021 442 inclusus
2049 386 2419 451 carceribus,

171 472 266 527 ubi
312 471 420 526 luit
454 469 583 540 (15).
628 471 714 525 Ad
758 472 903 526 haec
943 487 1091 526 uxor
1130 472 1321 527 mariti
1355 472 1481 542 (16),
1525 473 1935 530 filiusfamilias
1977 477 2106 547 ejus
2145 475 2410 547 parentis

169 563 276 616 sub
317 562 485 630 cujus
530 560 718 630 patria
747 563 1036 630 potestate
1070 564 1160 616 est
1192 559 1324 632 (17),
1354 562 1452 633 qui
1484 563 1592 617 sub
1625 564 1814 619 tutela
1852 567 1941 620 est
1970 566 2180 621 tutoris
2211 581 2413 622 neces·
2494 635 2500 638 ν

169 651 387 705 sarium
430 650 783 704 domicilium
824 651 1093 721 sequitur
1118 649 1257 722 (18);
1289 653 1351 705 et
1391 652 1493 721 qui
1531 668 1740 708 munus
1776 654 2012 725 aliquod
2059 657 2412 726 perpetuum

171 742 431 804 exercet,
463 739 541 794 ibi
570 739 923 795 domicilium
958 740 1129 804 fovet,
1166 740 1262 795 ubi
1294 756 1364 795 eo
1393 756 1635 797 munere
1666 741 1938 812 fungitur
1969 743 2098 815 (19).

167 937 198 988 ,ξ
227 935 293 980 11.
317 932 499 980 Sanch.
523 932 735 987 M.1,18,
757 933 818 979 2).
837 931 934 978 Sed
959 930 1016 978 V.
1041 945 1086 977 n.
1111 931 1153 978 8.
1182 933 1237 977 Si

169 1007 303 1054 nihil
333 1010 535 1058 avocet,
565 1017 681 1049 nam
702 1003 933 1066 ,conditio
962 1001 1239 1048 resolutiva

169 1081 263 1133 est,
284 1089 413 1137 quae
438 1078 754 1136 praesentem
790 1074 1104 1120 voluntatem
1138 1086 1237 1119 non

170 1150 351 1195 mutat.
375 1147 531 1194 Secus
550 1149 593 1191 si
613 1146 783 1205 aliquo
808 1159 862 1190 se
885 1145 1106 1191 conferat
1129 1158 1239 1204 per-

171 1220 322 1280 petuo
355 1231 699 1269 remansurus,
733 1218 776 1262 si
810 1216 877 1262 ibi
914 1229 1121 1262 uxorem
1165 1216 1239 1261 in·

172 1290 383 1336 venerit:
419 1302 534 1334 nam
570 1287 791 1333 conditio
826 1288 1132 1346 suspensiva
1159 1300 1237 1333 vo-

173 1362 419 1407 luntatem
453 1358 735 1419 suspendit.
770 1360 835 1404 Et
866 1360 911 1405 si
945 1359 1075 1419 quis,
1114 1372 1158 1405 v.
1182 1372 1238 1414 c.,

171 1431 605 1491 consanguineum
629 1443 782 1476 suum
806 1433 970 1476 aetate
996 1431 1239 1476 minorem

170 1501 267 1548 sibi
300 1501 436 1548 domi
469 1501 708 1547 asciverit
744 1499 1102 1560 adoptandum,
1137 1500 1236 1555 ille,

171 1572 418 1633 quamdiu
450 1585 551 1618 nou
583 1571 736 1617 fuerit
763 1571 1052 1631 adoptatus,
1077 1571 1239 1630 patris

172 1645 250 1690 sui
284 1643 535 1689 naturalis
574 1642 890 1689 domicilium
931 1642 1115 1688 retinet
1147 1643 1242 1699 (Ex

173 1716 219 1762 S.
243 1716 294 1764 C.
318 1714 369 1761 C.
395 1714 468 1768 25,
493 1713 595 1759 Ian.
626 1713 754 1759 1873.
778 1716 906 1759 Acta
928 1712 1036 1766 VII,
1064 1713 1190 1764 507).

236 1786 288 1830 13
312 1785 494 1833 Sanch.
512 1784 576 1830 M.
595 1784 679 1837 ΙΙΙ,
698 1786 771 1838 23,
790 1784 831 1830 2.
852 1784 991 1830 Pont.
1010 1784 1075 1831 M.
1096 1784 1155 1831 V.
1176 1786 1263 1831 13..

170 1860 213 1903 4.
236 1857 308 1902 De
330 1856 454 1902 lust.
479 1856 540 1909 II,
571 1857 635 1910 19,
660 1857 730 1901 50.
755 1856 931 1915 Laym.
951 1859 1022 1902 De
1048 1857 1240 1903 Poenit.

173 1928 245 1982 10,
266 1930 318 1981 6;
353 1929 503 1976 Croix
539 1927 615 1980 VI,
648 1927 735 1981 ΙΙΙ,
768 1928 870 1972 720.
903 1927 949 1972 S.
975 1926 1125 1986 Alph.
1159 1925 1244 1980 VI,

167 2001 272 2045 778.
295 2000 531 2046 Laurent.
556 2000 618 2053 11,
644 2000 716 2046 79.
737 2000 909 2051 Secus,
934 1999 1056 2045 haec
1082 2001 1243 2045 inten-

170 2070 242 2115 tio
285 2071 631 2129 praesumitur
674 2071 785 2129 ipso
824 2070 936 2129 jure
986 2072 1104 2129 post
1154 2070 1242 2115 de-

173 2141 337 2187 cennii
383 2140 749 2186 habitationem
797 2140 892 2194 (Ex
935 2141 992 2186 L.
1026 2140 1055 2184 2
1087 2141 1138 2188 C.
1174 2145 1247 2188 De

171 2214 329 2258 Incol.
363 2213 449 2259 cit.
476 2212 527 2257 B.
559 2213 919 2269 Speculatores
952 2213 979 2270 g
1012 2212 1101 2267 ll).
1125 2212 1243 2264 Sed,

174 2297 234 2328 ex
258 2283 361 2329 NN.
388 2283 503 2338 LL.‚
527 2283 620 2329 hoc
654 2284 704 2328 in
740 2283 1091 2329 aestimatione
1125 2282 1242 2329 boni

174 2356 267 2400 viri
293 2356 515 2414 positum
542 2359 620 2399 est
643 2355 715 2403 (C.
739 2355 800 2401 G.
826 2355 926 2408 105,
949 2354 1008 2399 It.
1038 2355 1128 2412 17).
1153 2354 1241 2402 Ce-

172 2428 336 2470 terum
370 2426 419 2470 in
454 2424 623 2479 dubio,
661 2425 822 2471 utrobi
866 2428 983 2485 quis
1028 2425 1239 2472 domici-

174 2497 299 2542 lium
337 2496 532 2548 habeat,
567 2496 739 2543 Iocone
763 2499 994 2557 originis,
1029 2511 1088 2543 an
1129 2498 1243 2552 alio,

172 2567 258 2613 illo
306 2567 475 2626 potius
525 2566 706 2613 habere
755 2570 1100 2626 praesumitur
1146 2570 1242 2622 (Ex

172 2637 227 2683 L.
266 2639 311 2682 ll
352 2640 427 2684 De
459 2640 690 2686 Senator.
722 2639 891 2699 Cujac.
929 2639 991 2685 ad
1026 2640 1078 2685 L.
1109 2641 1137 2684 3
1172 2643 1244 2687 De

172 2710 363 2755 Munic.
382 2707 570 2754 Masch.
591 2710 664 2755 De
683 2710 850 2755 Proba
861 2710 961 2765 t.II‚
978 2711 1100 2768 535).
1118 2711 1243 2756 Heic

174 2779 476 2825 admonendi
530 2793 726 2832 sumus,
769 2782 882 2841 jure
931 2785 1039 2826 tum
1089 2781 1241 2835 civili,

174 2853 281 2895 tum
316 2851 572 2906 canonico,
607 2851 944 2910 appellatione
971 2853 1239 2906 domicilii,

176 2920 252 2965 vel
286 2935 408 2966 suae
443 2923 702 2974 dioecesi&
747 2922 826 2967 vel
859 2922 1099 2982 Episcopi
1143 2925 1241 2976 sui,

177 2991 407 3050 intelligi,
428 3005 526 3038 non
543 2993 772 3051 originis,
794 2992 883 3039 sed
907 2992 1241 3039 habitationis

176 3061 503 3116 domicilium,
519 3063 805 3116 dioecesim,
820 3065 1127 3124 Episcopum
1146 3065 1238 3123 <Ex

175 3130 226 3176 C.
260 3133 290 3175 5
323 3135 396 3179 De
429 3135 642 3180 Par-och.
678 3134 900 3195 Fagnan.
936 3137 987 3180 in
1021 3134 1072 3182 C.
1103 3137 1246 3182 Licet

175 3215 221 3246 n.
250 3203 304 3247 10
329 3205 399 3248 De
423 3206 552 3250 Foro
592 3207 805 3264 Compet.
838 3207 1068 3263 Reiff.11‚
1092 3206 1136 3263 2,
1167 3204 1243 3252 25.

175 3272 420 3319 Schmalz.
446 3274 509 3328 11,
536 3276 579 3326 2,
607 3276 700 3322 23).

240 3345 293 3388 14
326 3345 401 3389 Ex
441 3345 489 3390 L.
516 3346 573 3388 20
597 3349 669 3392 Act
693 3349 893 3393 Munic.
942 3349 981 3393 L
1015 3349 1061 3401 7,
1088 3349 1142 3399 C.
1169 3349 1244 3396 De

180 3416 335 3461 Incol.
359 3414 476 3461 Ideo
510 3429 607 3462 non
642 3418 830 3463 sufficit
854 3419 1173 3472 discessisse,
1197 3420 1242 3464 si

176 3487 404 3531 animum
437 3488 719 3533 revertendi
754 3489 969 3545 habeas;
1003 3504 1093 3537 nec
1127 3492 1237 3536 ani·

177 3569 290 3601 mus
324 3556 616 3603 discedendi
651 3558 700 3602 in
726 3563 1040 3618 perpetuum,
1076 3560 1243 3621 quoad

176 3640 348 3672 revera
367 3626 666 3674 discesseris
692 3628 890 3685 (Sanch.
907 3629 968 3675 M.
986 3630 1072 3681 111,
1091 3631 1164 3682 23,
1180 3631 1242 3688 2).

242 3699 296 3742 15
323 3698 376 3743 L.
400 3699 461 3743 22
482 3702 564 3745 Aci
581 3701 771 3747 Munic.
810 3702 913 3755 Ubi,
936 3704 1047 3755 etc,
1069 3704 1119 3746 et
1144 3715 1243 3747 non

1340 931 1425 977 ubi
1450 934 1710 979 detinetur
1733 932 1992 979 custodiae
2025 947 2181 981 causa
2203 933 2272 990 (S.
2290 933 2412 984 C.C.

1339 1004 1399 1048 26
1412 1004 1523 1063 Maj.
1547 1003 1671 1048 1707.
1706 1003 1890 1049 Bened.
1914 1003 2041 1059 XIV,
2075 1004 2188 1052 Not.
2218 1004 2293 1060 33,
2322 1003 2412 1065 12).

1406 1075 1459 1119 16
1481 1073 1535 1120 L.
1559 1074 1633 1127 22,
1654 1078 1684 1129 g
1707 1075 1735 1118 2
1753 1077 1825 1119 Ad
1842 1075 2090 1134 Mum'cip.
2114 1075 2186 1122 Eo
2209 1088 2410 1138 quoque

1344 1148 1555 1199 mortuo,
1600 1146 1844 1205 quamdiu
1889 1146 2004 1193 aliis
2052 1147 2250 1207 nuptiis
2294 1147 2413 1206 (cit.

1341 1218 1396 1263 L.
1425 1217 1497 1272 22,
1529 1220 1559 1271 §
1592 1218 1633 1263 2.
1656 1218 1708 1266 C.
1734 1218 1791 1263 G.
1821 1218 1917 1262 108.
1950 1217 2011 1263 It.
2046 1219 2136 1275 18),
2173 1218 2252 1265 vel
2287 1217 2415 1265 alias

1342 1302 1440 1335 non
1475 1290 1806 1348 permutatur.
1844 1289 1908 1333 Et
1938 1301 2068 1348 quae
2102 1291 2306 1335 tantum
2337 1288 2414 1336 ci-

1343 1358 1512 1404 viliter
1533 1361 1725 1419 nupsit,
1753 1358 1972 1407 deducta
1997 1360 2049 1405 in
2072 1359 2281 1406 domum
2317 1359 2415 1406 viri

1344 1428 1483 1476 aliud
1517 1429 1834 1477 domicilium
1877 1430 2126 1486 habentis,
2160 1431 2206 1477 si
2245 1443 2413 1480 coram

1343 1500 1561 1560 parocho
1594 1500 1714 1547 olim
1749 1514 1843 1546 suo
1876 1501 2257 1548 matrimonium
2290 1514 2413 1549 con-

1343 1570 1519 1625 trahit,
1531 1571 1628 1616 etsi
1645 1571 1817 1617 eodem
1833 1570 1931 1625 die,
1946 1571 2072 1617 nihil
2093 1572 2199 1631 agit
2210 1570 2415 1629 (Sauch.

1345 1641 1376 1687 l.
1401 1654 1441 1688 c.
1461 1654 1510 1688 n.
1538 1643 1614 1697 15;
1641 1642 1840 1689 Benaci.
1865 1643 1937 1688 De
1959 1641 2118 1688 Iustis
2141 1641 2202 1696 11,
2231 1643 2296 1698 19,
2320 1642 2414 1696 52).

1411 1715 1464 1758 17
1495 1713 1550 1759 L.
1586 1714 1614 1759 3
1636 1713 1690 1762 C.
1720 1715 1794 1760 De
1828 1715 2068 1772 Municip.
2101 1713 2154 1761 C.
2181 1713 2324 1768 G.vet
2354 1712 2416 1760 It.

1347 1785 1398 1830 ll.
1424 1797 1492 1831 cc.
1517 1784 1617 1830 Nec
1652 1785 1966 1845 permittitur
1988 1783 2116 1831 illud
2149 1785 2250 1832 alio
2281 1787 2418 1832 trau-

1346 1855 1499 1902 sferre
1531 1855 1778 1915 quamdiu
1812 1858 1890 1901 est
1931 1855 2028 1902 sub
2066 1856 2233 1915 patria
2268 1858 2410 1917 pote-

1347 1930 1479 1973 state
1507 1927 1604 1986 (Ex
1633 1928 1688 1975 C.
1710 1927 1767 1974 G.
1803 1927 1906 1980 372,
1939 1928 2040 1972 374.
2074 1926 2137 1974 It.
2167 1927 2271 1983 220,
2291 1927 2417 1985 221),

1347 2011 1495 2044 secus
1524 2012 1580 2044 ac
1608 2000 1721 2059 jure
1753 1999 2011 2045 communi
2047 1998 2163 2055 (LL.
2195 1999 2241 2055 3,
2274 1998 2305 2043 4
2339 2000 2416 2045 Aa

1347 2072 1576 2125 Mania),
1609 2070 1796 2130 quippe
1837 2083 1936 2130 quo
1981 2071 2148 2131 patria
2187 2072 2418 2130 potestas

1348 2144 1591 2201 perpetua
1624 2146 1742 2188 erat.

1417 2214 1469 2257 18
1501 2213 1553 2260 C.
1579 2213 1638 2259 G.
1680 2214 1771 2258 108.
1806 2213 1863 2258 It.
1904 2214 1972 2260 18.
1992 2213 2219 2259 Laurent
2249 2211 2313 2267 11,
2342 2212 2416 2259 89.

1348 2283 1507 2330 Secus
1542 2298 1602 2329 ex
1630 2286 1742 2345 jure
1776 2286 2029 2330 communi
2060 2286 2129 2342 (L.
2157 2284 2191 2339 1,
2225 2284 2419 2343 Ubipe-

1349 2360 1440 2402 tat.
1477 2360 1604 2411 tut).
1629 2357 1690 2400 Et
1723 2356 1816 2402 hoc
1837 2367 2036 2416 quoque
2064 2355 2417 2403 necessarium

1348 2439 1458 2472 esse
1484 2426 1684 2472 videtur
1708 2427 1803 2484 (Ex
1827 2428 1932 2473 citt.
1959 2429 2068 2483 aa.).

1414 2498 1466 2541 19
1487 2497 1565 2541 Ex
1592 2496 1643 2542 L.
1669 2498 1735 2550 ll,
1761 2501 1790 2552 ἓ
1811 2496 1901 2542 ult.
1928 2500 2000 2544 De
2023 2497 2256 2544 Senator.
2278 2496 2336 2542 L.
2358 2495 2420 2543 23
2487 2547 2492 2551 ,
2542 2499 2548 2503 “

1347 2569 1421 2613 Ad
1443 2569 1633 2614 Murcic.
1656 2567 1831 2614 Barbo.
1855 2569 1904 2613 in
1938 2567 1995 2613 L.
2019 2571 2197 2616 Heres.
2218 2569 2416 2615 absem.

1347 2653 1396 2684 n.
1423 2640 1505 2683 162
1527 2641 1596 2684 De
1621 2640 1784 2684 Iudic.
1807 2651 1897 2684 ceu
1926 2638 2148 2698 parochi,
2172 2638 2420 2691 canonici,

1347 2712 1397 2755 et
1437 2710 1688 2768 quotquot
1737 2711 2076 2756 residentiale
2115 2708 2416 2756 beneficium
2481 2726 2515 2751 -.

1346 2781 1611 2841 possident
1644 2781 1739 2827 <Ex
1765 2781 1859 2829 CC.
1893 2783 1928 2836 l,
1952 2779 1980 2821 3
2003 2784 2074 2828 De
2105 2782 2264 2838 Temp.
2293 2781 2414 2828 Ord.

1346 2851 1397 2896 in
1421 2853 1503 2909 6⁰).
1527 2853 1590 2896 Et
1623 2851 1666 2897 si
1702 2853 1753 2896 in
1787 2851 1986 2897 duabus
2010 2851 2326 2899 dioecesibus
2349 2863 2413 2898 ex

1346 2922 1623 2982 dispensat.
1647 2923 1704 2969 R.
1728 2923 1795 2976 P.,
1820 2922 1920 2968 duo
1945 2921 2241 2968 huiusmodi
2266 2920 2413 2968 bene-

1346 2993 1460 3039 ficia
1483 2993 1758 3054 possideat,
1783 2995 1832 3038 in
1860 2996 2074 3052 utraque
2099 2991 2412 3038 domicilium

1346 3064 1528 3110 habere
1550 3064 2071 3124 intelligiturfflirhin.
2090 3063 2198 3119 11‚2,
2215 3064 2298 3121 14).
2317 3062 2415 3119 Qui

1346 3149 1442 3180 non
1462 3134 1783 3180 residentiale
1809 3134 2108 3181 beneficium
2128 3131 2280 3180 habet
2297 3131 2416 3180 sub-

1340 3206 1517 3265 jicitur
1537 3205 1742 3264 quidem
1767 3206 2015 3265 Episcopo
2037 3205 2086 3250 in
2113 3205 2260 3264 cujus
2283 3203 2418 3250 dioe-

1347 3277 1446 3322 cesi
1471 3276 1769 3323 beneficium
1795 3277 1950 3322 situm
1986 3280 2065 3322 est
2088 3276 2276 3334 (Innoc.
2300 3273 2416 3332 ΧΠ,

1348 3349 1404 3392 B.
1445 3349 1836 3405 Speculatores),
1858 3361 2031 3393 verum
2057 3346 2221 3407 quoad
2245 3359 2304 3392 ea
2324 3358 2412 3392 so-

1347 3418 1470 3469 lum,
1518 3431 1646 3478 quae
1699 3417 1763 3463 ad
1811 3418 2111 3464 beneficium
2158 3416 2416 3477 pertinent
2519 3437 2527 3440 ·

1348 3490 1419 3547 (C.
1453 3490 1512 3534 29
1537 3491 1611 3537 De
1638 3492 1865 3546 Rescrip.
1900 3488 2043 3535 Reiff.
2077 3488 2140 3544 11,
2167 3489 2205 3542 l,
2226 3487 2331 3542 94),
2363 3491 2419 3534 at
2503 3483 2510 3489 ’

1350 3560 1662 3606 domicilium
1679 3574 1735 3606 eo
1750 3560 1843 3606 loci
1859 3573 1957 3606 non
1972 3559 2190 3620 acquirit
2207 3557 2414 3615 (Pii-hin.

1350 3631 1411 3686 11,
1442 3632 1487 3686 2,
1514 3632 1580 3676 16.
1615 3630 1859 3677 Schmalz.
1895 3629 1956 3684 11,
1990 3630 2032 3683 2,
2063 3629 2150 3687 14).
