2548 4042
203 8 302 65 140

491 25 618 65 uus
652 24 807 65 rama
830 37 854 50 ·
874 24 1240 65 ructum-nu
1265 35 1289 49 ·
1310 0 1488 66 mer.
1506 0 1559 65 n.
1592 0 2173 73 unammn'iiuffl
2195 19 2491 99 .

197 108 591 165 cumstantiae
619 109 742 164 sint
769 107 983 164 leviter
1011 107 1200 164 malae
1226 106 1368 181 (15);
1408 109 1513 165 aut
1553 109 1688 167 finis
1727 109 1936 176 malus,
1964 119 2078 168 non
2121 94 2394 186 ρῡοὸῖρῖ
2417 114 2503 186 [μ

195 198 391 259 suerit,
423 197 524 252 sed
565 196 975 260 secundarius;
1009 197 1319 267 utrobique
1348 197 1505 253 enim
1546 199 1773 255 modica
1811 202 2017 257 subest
2058 189 2455 274 inordinatio-,f
2484 221 2509 258 ¹.

193 300 346 355 quae
375 286 668 340 actionem
699 302 811 340 non
841 286 1159 356 corrumpit
1186 284 1315 357 (16).
1345 286 1491 340 Accio
1520 286 1776 358 inquam,
1807 305 1918 345 nou
1947 307 2073 360 opus
2107 292 2439 358 materiale,

192 390 325 429 nam
358 375 501 430 haec
524 375 638 429 duo
665 375 1073 430 confundenda
1102 390 1215 430 non
1245 380 1406 430 sunt:
1441 376 1542 430 illa
1570 377 1727 431 enim
1757 394 1831 433 ex
1860 379 2163 436 voluntate
2191 381 2431 449 agentis

190 462 493 519 aestimari
526 464 720 527 debet,
753 466 860 519 hoc
889 481 963 520 ex
990 480 1054 519 se
1086 466 1227 534 ips0.
1256 465 1667 528 Quaerendum
1698 483 1852 523 nunc
1882 467 2068 538 igitur
2096 473 2203 535 est,
2238 470 2436 528 utrum

193 552 241 607 si
284 553 780 616 circumstantiae,
823 557 883 609 et
944 554 1076 609 finis
1131 555 1348 609 suerint
1401 555 1671 622 graviter
1725 557 1895 619 mala,
1951 557 2333 630 corrumpant
2375 563 2437 620 et

192 643 409 697 malum
450 643 712 698 efficiant
751 659 897 713 opus
936 660 1187 714 quoque,
1217 644 1367 713 quod
1397 647 1605 713 suapte
1635 649 1847 700 natura
1876 648 2086 702 bonum
2129 653 2247 713 est;
2288 649 2434 715 sive,

193 734 387 786 utrum
418 737 688 787 naturam
729 733 922 803 operis
951 736 1198 787 mutent.
1230 733 1302 787 Et
1337 732 1832 798 circumstantiae,
1874 751 2005 790 cum
2048 737 2170 792 sint
2209 738 2436 810 aliquid

190 822 600 884 accessorium,
643 823 700 877 id
742 823 975 878 efficere
1019 838 1130 877 non
1175 838 1341 892 posse
1386 822 1485 876 vix
1525 822 1767 878 dubium
1809 828 1946 893 puto
1977 823 2108 897 (17).
2138 827 2344 883 Utrum
2374 827 2435 884 id

192 1015 596 1062 circumstantiis
619 1030 716 1062 non
752 1016 941 1062 desinit
974 1016 1102 1061 bona
1134 1028 1261 1069 esse,

192 1099 251 1133 eo
282 1086 416 1146 quod
442 1100 539 1131 non
573 1089 642 1133 sit
674 1087 805 1132 facta
828 1100 888 1132 ex
916 1089 1102 1132 motivo
1129 1086 1261 1140 fidei,

192 1156 270 1203 vel
286 1157 1259 1216 caritatis;alioquinomniaiufidelium

195 1229 247 1273 et
278 1232 598 1286 peccatorum
634 1241 783 1287 opera
828 1237 1033 1287 peccata
1072 1229 1258 1279 forent;

190 1297 324 1356 quod
361 1302 411 1342 et
443 1298 720 1344 absurdum
750 1303 799 1343 et
826 1300 1136 1345 haereticum
1167 1302 1259 1344 est.

193 1366 295 1413 Nec
328 1367 683 1415 confundenda
714 1374 793 1414 est
827 1370 958 1415 actio
991 1369 1121 1416 bona
1143 1383 1258 1415 cum

197 1443 390 1486 actione
428 1441 701 1486 meritoria:
729 1442 816 1485 sed
842 1442 902 1486 de
927 1443 1105 1486 merito
1133 1440 1257 1499 Dog-

193 1511 366 1556 matici
404 1510 634 1556 viderint.

261 1582 315 1625 15
346 1581 555 1628 Billuar.
587 1585 694 1627 Art.
727 1581 810 1634 IV,
844 1587 873 1637 ἓ
906 1583 948 1626 3.

261 1654 314 1698 16
348 1653 402 1698 V.
428 1653 570 1713 Lugo
595 1655 668 1701 De
691 1656 885 1701 Poenit.
915 1653 1020 1705 XV,
1055 1653 1147 1698 189.
1175 1653 1261 1699 Ut·

195 1727 320 1784 puta
356 1726 399 1770 si
439 1727 490 1771 in
526 1725 761 1786 precibus
811 1725 1085 1772 recitandis
1131 1726 1258 1771 levis

193 1801 349 1855 tepor,
384 1797 436 1841 in
471 1797 698 1843 facienda
739 1797 1042 1843 eleemosina
1085 1803 1256 1842 osten·

194 1868 321 1912 tatio
371 1867 499 1912 levis
548 1867 837 1927 obrepserit.
884 1866 1060 1913 Merito
1103 1869 1259 1927 igitur

195 1939 396 1996 esplosa
440 1943 518 1983 est
550 1941 804 1983 sententia
854 1939 1115 1993 Sylvestr.‚
1161 1942 1254 1984 Ar·

194 2008 333 2062 mill,
356 2009 671 2069 aliorumque
699 2011 1122 2059 existimantium,
1146 2023 1258 2068 gra·

170 2078 321 2124 .viter
347 2093 551 2138 peccare
570 2094 653 2124 eos
673 2082 759 2140 qui
781 2080 985 2125 verbum
1004 2081 1092 2125 Dei
1121 2095 1260 2140 prae-

192 2147 366 2195 dicant
418 2150 482 2195 ad
536 2150 737 2195 inanem
794 2163 992 2210 quoque
1044 2152 1257 2210 gloriam

194 2220 568 2279 aucupandam,
600 2222 687 2280 qui
723 2222 971 2267 accedunt
994 2222 1056 2267 ad
1094 2222 1255 2267 tribu·

191 2290 278 2337 nal
298 2291 639 2337 poenitentiae
659 2293 917 2352 (dispositi
940 2294 1182 2352 inquam),
1203 2298 1259 2338 ut

189 2366 359 2408 notam
381 2362 630 2422 effugiant
650 2364 810 2409 <Suam
826 2366 898 2410 De
912 2366 1038 2410 Fcaele
1060 2365 1175 2416 11,3.
1196 2369 1255 2419 4),

188 2432 269 2477 vel
304 2433 364 2477 ad
400 2435 829 2480 existimationem
867 2435 961 2480 sibi
987 2436 1255 2481 concilian-

188 2503 304 2549 dam
338 2504 501 2562 (Lugo
529 2507 609 2549 cit.
636 2519 682 2550 n.
715 2507 830 2554 189).
854 2506 971 2551 Dixi
997 2509 1135 2564 finis,
1165 2511 1254 2552 aut

184 2576 630 2622 circumstantiae.
672 2572 786 2621 nani
833 2578 877 2622 si
919 2577 1073 2621 fuerit
1123 2578 1255 2623 inula

186 2657 248 2690 ex
281 2645 472 2704 objecto
508 2647 659 2697 (mala
688 2649 892 2705 inquam
918 2651 1137 2704 natura)
1163 2650 1252 2693 iin-

185 2715 424 2775 possibile
449 2721 543 2771 est,
566 2730 674 2761 earn
699 2719 1038 2770 cohonestari;
1064 2718 1249 2764 nedum

185 2799 244 2831 ex
266 2788 683 2843 circumstantiis,
701 2788 789 2831 sed
811 2801 869 2831 ex
892 2790 1073 2846 quovis
1097 2791 1250 2834 etiam

185 2860 512 2903 sanctissimo
554 2859 664 2911 fine,
709 2860 829 2917 quia
863 2873 1027 2903 rerum
1071 2867 1251 2904 natura

185 2931 370 2972 mutari
408 2931 606 2988 nequit:
655 2931 770 2975 liinc
806 2944 903 2974 non
952 2930 1082 2979 licet,
1116 2944 1154 2974 e.
1188 2944 1249 2989 g..

187 2999 264 3042 vel
299 2998 477 3044 leviter
513 3002 710 3046 mentiri
748 3002 807 3046 ad
845 3002 1001 3046 vitam
1036 3015 1245 3046 servan-

185 3068 315 3112 dam.
340 3070 447 3115 Huc
469 3074 686 3130 pertinet
711 3073 837 3117 illud
858 3073 1111 3131 Apostoli:
1139 3075 1250 3118 Non

186 3145 311 3184 sunt
330 3142 583 3195 facienda
613 3146 757 3188 mala
783 3149 840 3187 ut
862 3146 1080 3189 veniant
1102 3146 1250 3190 bona.

244 3208 389 3254 Nunc
437 3213 733 3270 attingenda
776 3217 854 3258 est
902 3227 959 3259 ea
1003 3217 1250 3273 quaestio,

188 3283 362 3325 utrum
412 3281 594 3326 dentur
636 3285 859 3328 actiones
903 3284 1250 3331 indifferentes

184 3352 238 3396 in
271 3351 534 3396 individuo
576 3353 864 3398 Thornistae
895 3360 1101 3413 negant:
1134 3370 1248 3401 nam

184 3423 230 3466 si
264 3432 409 3467 actus
443 3422 733 3467 indifferens
766 3425 826 3468 ad
864 3425 1059 3469 nullum
1098 3426 1246 3470 finem

185 3491 463 3546 ordinatur,
485 3499 659 3537 contra
684 3496 925 3540 rationem
951 3499 1049 3542 est:
1080 3499 1158 3541 sin
1186 3497 1248 3541 ad

187 3559 424 3617 aliquem,
457 3559 591 3604 hunc
624 3560 700 3603 vel
730 3560 909 3606 bonurn
942 3564 1018 3607 vel
1057 3564 1245 3608 malum

182 3642 293 3674 esse
308 3630 588 3688 oportet‹D.
607 3631 723 3674 Tho.
746 3634 752 3670 Ι
773 3634 829 3682 ,2,
852 3634 1250 3685 18,9).Scotistae

185 3700 433 3746 affirmant
461 3700 632 3760 (Vasq.
658 3703 692 3754 l,
711 3702 753 3754 2,
779 3701 918 3760 Disp.
936 3704 1007 3759 52,
1031 3705 1151 3763 Cap.
1177 3706 1247 3760 2„

1363 1014 1540 1074 primo,
1574 1015 1695 1074 quia
1716 1015 1856 1062 nulla
1888 1018 2025 1063 certa
2056 1016 2138 1063 lex
2165 1015 2313 1078 jubet
2347 1030 2436 1067 eas

1366 1085 1581 1143 dirigere
1593 1087 1640 1130 in
1654 1085 1801 1131 finem
1818 1086 2000 1132 bonum
2015 1102 2026 1143 ;
2040 1087 2219 1134 deinde
2230 1087 2435 1150 eoquod

1366 1155 1510 1206 alias.
1542 1157 1584 1201 si
1620 1169 1776 1215 agens
1809 1158 1978 1203 animo
2019 1171 2231 1205 aversus
2265 1173 2294 1206 a
2332 1159 2433 1207 Deo

1365 1227 1449 1278 sit,
1475 1230 1531 1271 ut
1562 1227 1767 1286 quidam
1793 1228 2163 1281 scelestissimi,
2181 1229 2433 1291 quidquid

1365 1298 1486 1355 agit,
1524 1310 1567 1343 v.
1587 1311 1642 1351 c.,
1665 1298 1707 1343 si
1738 1298 1907 1344 florem
1932 1299 2118 1352 olfacit,
2141 1302 2186 1346 si
2210 1301 2432 1347 amicum

1364 1367 1567 1413 obvium
1603 1368 1812 1422 salutat,
1846 1371 1889 1414 si
1930 1371 2165 1426 comedit,
2212 1369 2350 1426 bibit,
2386 1371 2435 1418 si

1363 1451 1541 1484 somno
1588 1438 1830 1498 indulget,
1865 1443 1972 1492 etc„
2015 1446 2277 1501 peccatum
2315 1442 2432 1499 erit;

1365 1509 1497 1568 quod
1534 1510 1617 1554 vix
1653 1522 1749 1555 non
1786 1509 2063 1557 absurdum
2101 1516 2180 1557 est
2210 1512 2298 1571 (Cf.
2333 1512 2435 1559 Bil-

1366 1579 1491 1624 luar.
1516 1582 1620 1625 Art.
1644 1579 1723 1630 IV,
1747 1583 1776 1632 ,S
1795 1581 1858 1625 2i.
1881 1580 2000 1626 Mihi
2023 1581 2158 1640 prior
2179 1583 2436 1630 sententia

1364 1650 1566 1695 videtur
1585 1651 1760 1696 verior.
1778 1650 1908 1697 Sane
1929 1650 2039 1697 heic
2057 1665 2155 1698 non
2174 1651 2435 1712 loquimur

1363 1721 1425 1766 de
1457 1734 1530 1775 eo,
1561 1723 1648 1781 qui
1673 1735 1787 1767 cum
1812 1722 1919 1781 agit
1942 1723 2002 1767 de
2027 1722 2129 1769 Deo
2152 1724 2342 1783 cogitat
2366 1724 2432 1783 (is

1362 1793 1496 1837 enirn
1541 1798 1629 1838 aut
1673 1794 1918 1838 actionem
1964 1806 2110 1839 suam
2155 1793 2332 1854 dirigit
2365 1794 2432 1841 ad

1361 1864 1574 1923 gloriam
1615 1863 1705 1908 Dei
1757 1864 1938 1910 saltem
1993 1866 2162 1919 tacite,
2203 1871 2292 1911 aut
2338 1864 2432 1912 Dei

1361 1935 1571 1994 gloriam
1619 1935 1882 1991 excludit),
1915 1934 2005 1981 sed
2047 1936 2108 1981 de
2151 1949 2208 1982 eo
2240 1938 2326 1998 qui
2369 1930 2464 1983 de‘

1365 2006 1464 2051 Deo
1498 2007 1550 2051 in
1576 2020 1815 2065 praesens
1844 2020 1941 2052 non
1966 2008 2169 2065 cogitat.
2194 2007 2244 2053 Is
2269 2009 2431 2068 igitur

1361 2081 1451 2122 aut
1483 2090 1586 2122 rem
1623 2079 1978 2131 necessariam,
2007 2079 2085 2124 vel
2121 2079 2315 2126 utilem.
2349 2079 2430 2126 vel
2503 2116 2520 2122 --

1360 2147 1709 2194 rationabilem
1742 2148 1876 2202 facit,
1912 2153 1978 2203 (V.
2014 2163 2053 2195 c.
2087 2149 2322 2203 comedit,
2345 2150 2430 2196 de·

1361 2218 1603 2274 ambulat,
1622 2219 1766 2268 ludit.
1786 2220 1868 2265 sui
1889 2220 2217 2266 conservandi
2239 2224 2427 2279 causa),

1360 2292 1450 2333 aut
1492 2302 1610 2334 non:
1659 2292 1702 2335 si
1746 2292 1968 2350 primum
2015 2293 2147 2337 actio
2196 2291 2320 2338 haec
2364 2290 2429 2338 ad
2500 2291 2507 2350 f

1358 2361 1510 2406 finem
1546 2361 1729 2406 bonum
1766 2362 2080 2415 naturaliter,
2123 2368 2275 2422 atque
2313 2363 2428 2409 ideo

1360 2432 1644 2477 virtualiter
1686 2433 1737 2478 in
1773 2432 1863 2478 Dei
1904 2434 2116 2492 gloriam
2161 2433 2339 2486 tendit,
2374 2438 2427 2479 et

1357 2503 1469 2548 ideo
1506 2503 1632 2549 bona
1654 2508 1744 2549 est.
1771 2503 1860 2550 Sin
1887 2505 2119 2556 alterum,
2141 2508 2220 2550 est
2244 2503 2303 2549 ad
2331 2504 2426 2550 mi·

1356 2574 1553 2618 nimum
1587 2575 1771 2629 otiosa;
1793 2575 1837 2619 si
1872 2577 2035 2620 otiosa
2065 2578 2158 2626 est,
2183 2572 2316 2620 mala
2344 2576 2425 2620 est

1355 2644 1451 2699 <Ex
1487 2645 1623 2690 Mart.
1669 2647 1730 2695 12,
1768 2646 1861 2691 36).

1421 2717 1470 2758 17
1487 2715 1609 2759 Nam
1631 2717 1746 2774 quis
1765 2716 1963 2767 dixerit,
1981 2729 2024 2760 v.
2041 2729 2096 2766 c.,
2112 2729 2216 2763 rem
2243 2716 2428 2764 malam

1355 2798 1465 2830 esse
1484 2786 1773 2830 orationem.
1793 2799 1945 2843 quam
1965 2787 2014 2831 in
2041 2786 2283 2832 Ecclesiis
2309 2800 2425 2847 pro-

1354 2858 1584 2916 sequitur
1620 2858 2014 2910 materfamilias,
2058 2871 2158 2918 quo
2202 2863 2428 2918 tempore
2507 2846 2535 2856 ⁴*

1354 2941 1559 2973 necesse
1593 2927 1742 2972 habet
1765 2941 2033 2986 superesse
2066 2927 2270 2974 filiabus
2295 2931 2422 2986 suis,

1354 3011 1482 3057 quas
1516 2998 1666 3046 solas.
1695 2998 1887 3043 calent-e
1914 2998 2142 3058 juventa,
2179 2999 2313 3045 domi
2348 3013 2425 3046 re-

1355 3069 1538 3128 liquit?
1572 3071 1674 3113 Aut
1708 3082 1924 3122 sacrum,
1957 3070 2090 3128 quod
2116 3070 2237 3115 facit
2259 3083 2427 3116 sacer-

1355 3141 1444 3184 dos
1469 3141 1518 3184 in
1544 3140 1683 3184 letali
1710 3141 2040 3197 constitutus,
2064 3141 2139 3184 vel
2167 3140 2305 3194 hora,
2331 3144 2422 3186 aut

1354 3211 1476 3262 loco,
1509 3211 1695 3271 quibus
1729 3224 1826 3255 non
1863 3211 2016 3257 licet?
2053 3211 2200 3263 Sane,
2244 3213 2285 3256 si
2330 3213 2425 3256 cir·

2535 2911 2548 2933 -.-
2531 2851 2548 2866 b
2511 2319 2548 2795 '.:¹›.f·.e.¹*t.al-L2-ss.'³d·‘Mt*i.
2545 2296 2548 2298 .
2534 2246 2548 2263 ¹:

1355 3283 1664 3327 cumstantia
1697 3295 1824 3340 opus
1862 3286 2041 3335 mutat,
2074 3282 2182 3342 ejus
2225 3283 2330 3341 qui,
2364 3284 2424 3327 ut
2504 3304 2507 3306 >
2536 3263 2548 3332 ,¹

1357 3356 1499 3397 vacet
1517 3351 1705 3406 studio,
1729 3353 1922 3397 omittit
1944 3365 2142 3397 sacrum
2169 3352 2249 3396 die
2274 3352 2416 3406 festo,

1356 3422 1586 3467 studium
1622 3424 1799 3482 utique
1846 3427 2114 3480 peccatum.
2145 3423 2259 3467 erit:
2305 3435 2423 3482 ergo

1356 3493 1579 3538 confiteri
1608 3495 1839 3539 studium
1867 3491 2080 3538 debebit.
2106 3491 2248 3550 Quod
2275 3491 2423 3538 hodie

1356 3577 1501 3609 nemo
1550 3564 1738 3609 dixerit
1781 3563 1859 3616 (V.
1903 3565 2110 3609 Salmat.
2155 3563 2229 3619 21,
2271 3563 2314 3616 2,
2347 3561 2424 3609 33.

1355 3636 1506 3682 Croix
1541 3634 1624 3687 VI,
1657 3635 1700 3688 2,
1734 3634 1860 3692 943).
