2548 4042
2060 0 2324 50 tran-’aq'

191 27 295 83 3δῖ
433 44 558 83 uns
595 41 793 83 rmu-
818 43 1234 84 pantaucum·
1254 32 1428 84 macr.
1460 21 1527 90 vi,
1552 24 1618 85 'ns‘
1635 0 1843 90 fotus
1862 27 1938 85 ἡ
1941 16 2266 96 em&
2415 78 2418 83 ,

196 127 441 183 tandum
482 126 921 183 ecclesiasticae
962 126 1323 196 sepulturae,
1364 127 1677 184 incurrunt
1713 117 2158 194 excommunic..
2200 99 2308 189 sed
2331 87 2527 204 xie-333..

195 218 334 271 mini
378 221 737 272 reservatam
777 214 835 285 (ἓ
879 216 1037 287 392);
1078 217 1177 287 qui
1220 231 1361 271 vero
1398 217 1473 271 ad
1518 217 1695 274 hanc
1721 217 2086 288 sepulturam
2127 218 2474 280 vitandum,-

193 306 530 367 admittunt,
582 306 889 361 incurrunt
931 306 1310 360 interdictum
1357 307 1432 360 ab
1481 306 1753 375 ingressu
1796 307 2104 371 ecclesiae.
2145 308 2333 364 donec
2374 300 2447 364 8ἰῖ

193 395 609 457 satisfecerint,
633 397 800 464 cujus
830 395 1023 464 legem
1053 399 1532 465 contempserunt
1553 394 1611 467 (ἓ
1631 397 1759 460 394,
1781 398 1853 465 2).
1876 397 2115 453 Demum
2143 397 2200 454 3⁰
2237 396 2433 455 clerici

193 484 291 554 qui
344 485 875 539 excommunicatos
906 484 1227 539 admittunt
1267 485 1340 538 ad
1379 485 1582 540 divina
1620 486 1831 548 officia,
1876 486 2166 557 siquidem
2208 501 2437 542 excom-

194 574 521 627 municatos
546 590 580 625 a
601 575 767 643 Papa,
794 573 1102 628 incurrunt
1131 590 1408 629 excomm.
1426 574 1493 628 R.
1517 573 1579 628 P.
1601 590 1678 638 r.;
1702 575 1792 630 sin
1817 576 2353 631 excommunicatos
2371 578 2436 632 ab

189 665 329 726 aliis,
374 663 688 717 interdicto
728 665 802 717 ab
845 663 1119 731 ingressu
1160 663 1445 719 ecclesiae
1488 666 1768 719 tenentur
1797 662 1854 734 (ἓ
1880 665 2008 727 390,
2045 666 2292 728 12:394,
2322 663 2397 737 2).

263 753 390 807 364.
434 752 628 822 Atque
673 753 815 806 haec
875 754 993 807 fere
1043 754 1237 807 omnia
1286 754 1616 808 communia
1664 757 1803 808 sunt
1857 754 1981 809 sive
2024 754 2258 811 clericis
2307 753 2436 810 sive
2492 807 2495 811 .

188 841 371 896 laicis.
413 841 505 895 Ad
555 844 698 896 haec
746 842 1276 897 excommunicatio
1329 843 1627 897 interdicit
1668 843 1902 898 clericis
1952 843 2176 907 ordine,
2231 848 2295 900 et
2340 843 2472 899 vi-.'

186 931 381 985 tandis
420 932 627 985 adimit
658 932 1131 1000 ⁸jurisdictionem
1179 930 1328 1002 (332,
1367 932 1469 998 16).
1517 932 1766 987 Proinde
1809 932 2059 988 clericus
2103 947 2436 988 excommu-

189 1020 421 1075 nicatus
443 1036 573 1075 sacr
576 1025 815 1075 amenta
839 1021 1238 1082 ministrando,
1265 1022 1357 1076 vel
1384 1022 1585 1076 divina
1605 1022 1893 1085 obeundo,
1922 1024 2128 1091 peccat
2149 1021 2432 1091 graviter,

187 1109 300 1164 nisi
332 1114 576 1165 excuset
607 1111 867 1179 parvitas
894 1110 1332 1181 materiae(·37):
1365 1127 1573 1181 nempe
1617 1112 1924 1175 toleratus,
1956 1111 2067 1166 nisi
2109 1111 2315 1167 fecerit
2342 1127 2431 1169 re-

186 1200 440 1269 quisitus
470 1215 615 1269 erpi
619 1216 764 1261 esse
796 1201 890 1254 vel
922 1201 1104 1255 tacite
1133 1199 1189 1268 (g
1217 1203 1345 1262 331,
1374 1201 1455 1271 8),
1496 1201 1789 1263 vitandus,
1821 1202 1931 1255 etsi
1965 1201 2304 1271 requisitus,
2333 1216 2432 1256 ex-

186 1290 392 1359 ceptiS‚
438 1290 491 1342 in
524 1290 773 1343 articulo
804 1291 1020 1351 mortiS,
1051 1295 1111 1343 et
1153 1290 1198 1342 si
1229 1290 1383 1344 alius
1425 1290 1594 1351 desit,
1629 1291 1929 1359 baptismO,
1967 1289 2256 1360 (privato),
2302 1305 2434 1360 poe·-

188 1377 581 1447 nitentia(28)‚
612 1380 674 1431 et
703 1379 1061 1447 probabilius
1088 1378 1305 1431 viatico
1330 1379 1457 1447 (29).
1489 1378 1598 1432 Sed
1631 1380 1831 1435 valent
1861 1395 2012 1450 quae
2042 1382 2116 1434 ab
2147 1381 2232 1436 eis
2260 1382 2433 1449 gesta

186 1472 346 1521 snut:
378 1483 447 1522 ea
469 1469 701 1521 tantum
725 1470 861 1521 sunt
892 1467 1057 1521 irrita.
1085 1483 1238 1537 quae
1267 1468 1545 1522 vitandus
1570 1468 1708 1522 facit
1733 1470 1964 1522 nomine
1988 1469 2311 1531 Ecclesiae.
2334 1470 2431 1525 vel
2482 1537 2483 1541 ἵ

186 1574 260 1611 ex
293 1560 577 1627 potestate
598 1556 1028 1627 jurisdictionis
1059 1554 1199 1628 (30):
1245 1556 1355 1610 nisi
1402 1557 1547 1611 forte
1578 1556 1842 1612 Ecclesia
1881 1558 2154 1627 suppleat
2186 1557 2432 1627 jurisdi-

186 1647 439 1701 ctionem
484 1649 719 1716 propter
760 1662 1013 1701 errorem
1055 1662 1418 1701 communem
1452 1644 1589 1717 (31).

256 1738 382 1792 365.
415 1738 733 1791 Praeterea
773 1737 987 1791 clerico
1027 1737 1549 1798 excommunicato,
1593 1752 1699 1792 seu
1727 1737 1968 1791 vitando
2009 1752 2112 1793 seu
2156 1737 2431 1802 tolerat0,

182 1827 407 1880 fructus
430 1826 696 1880 beneficii
722 1828 1111 1879 subtrahuntur
1130 1823 1270 1898 (32);
1297 1840 1523 1895 nempe,
1549 1828 1614 1881 ut
1636 1842 1710 1880 ex
1732 1829 2012 1882 contextu
2034 1830 2300 1897 apparet,
2326 1842 2429 1898 per

181 1915 540 1970 sententiam
571 1915 790 1984 Judicis
817 1914 952 1985 (33);
985 1931 1231 1985 eamque
1262 1915 1821 1979 condemnatoriam;
1850 1931 2002 1986 quae
2030 1919 2136 1972 aut
2166 1916 2430 1987 probabi·

183 2005 306 2067 lior,
336 2007 440 2059 aut
481 2005 723 2074 aequior
763 2005 1063 2060 sententia
1103 2008 1210 2060 est.
1254 2006 1324 2058 Et
1365 2006 1410 2059 si
1458 2009 1548 2059 est
1590 2005 1884 2068 vitandus,
1926 2005 1993 2059 fit
2034 2005 2312 2061 inhabilis
2352 2007 2426 2061 ad

185 2096 469 2149 beneficia
497 2095 774 2164 deinceps
801 2096 1150 2150 obtinenda:
1176 2095 1324 2150 ratio
1353 2097 1461 2157 est,
1490 2098 1613 2164 quia
1641 2112 1760 2148 cum
1789 2098 1892 2163 ipso
1921 2097 2300 2150 communicari
2323 2111 2426 2149 non

180 2186 319 2238 debet
340 2182 470 2256 (34).
503 2184 653 2238 Num
696 2184 880 2253 igitur
921 2186 979 2239 et
1019 2185 1309 2238 toleratus
1350 2185 1452 2239 fiat
1494 2184 1788 2247 inhabilis,
1819 2185 1958 2254 quia
1987 2184 2097 2254 ipsi
2128 2184 2429 2240 nobiscum

180 2375 231 2419 in
251 2375 590 2420 concubinatu
614 2375 988 2434 permanserint
1007 2375 1078 2430 (C.
1092 2376 1166 2420 55.
1182 2375 1255 2420 De

181 2446 229 2490 S.
246 2446 338 2502 Ε.).
358 2449 424 2491 At
445 2448 487 2490 is
505 2446 591 2503 qui
611 2447 953 2491 communicat
971 2446 1020 2490 in
1040 2446 1248 2491 crimine

181 2518 454 2562 criminoso
493 2516 642 2561 hodie
677 2530 775 2562 non
815 2517 1058 2569 eamdem,
1094 2530 1246 2576 quam

181 2588 657 2632 excommunicatus
698 2589 967 2638 contraxit,
1006 2588 1137 2632 idest
1180 2602 1251 2633 re-

176 2663 429 2704 servatam
455 2658 511 2703 R.
542 2659 590 2703 P.
614 2672 652 2703 s.
679 2673 743 2702 m.
768 2662 848 2706 (ut
881 2659 1039 2711 olim),
1074 2672 1249 2704 verum

177 2731 487 2786 simpliciter
512 2729 555 2773 ei
580 2732 886 2774 reservatam
905 2729 1250 2774 excommuni-

177 2805 275 2846 cat.
307 2801 536 2846 incurrit.

235 2872 293 2915 27
328 2872 510 2917 Sanch.
538 2871 599 2916 M.
623 2871 710 2924 III,
733 2871 809 2926 21,
831 2873 872 2916 8.

235 2944 294 2986 28
314 2943 359 2988 S.
387 2942 538 3002 Alph.
558 2943 616 2988 H.
634 2945 694 2989 A.
715 2942 846 2995 XVI,
866 2944 936 2988 92.
961 2943 1058 3000 QQ.
1076 2942 1245 2988 Refor.

175 3026 221 3057 n.
256 3014 319 3057 19.
345 3014 416 3058 De
451 3027 550 3072 quo
573 3013 690 3059 olim
718 3019 978 3073 tantopere
1005 3013 1243 3072 disputa-

174 3087 284 3127 tum
319 3090 397 3128 est
430 3085 505 3140 (V.
532 3087 579 3130 S.
603 3085 754 3144 Alph.
782 3085 864 3138 VI,
899 3086 1023 3139 560).
1056 3086 1239 3130 Mirum

172 3155 406 3214 prorsus!
448 3156 576 3200 Nam
624 3156 685 3200 de
730 3169 830 3215 qno
875 3154 1240 3215 disputabant?

172 3222 378 3284 Nempe,
402 3231 571 3271 utrum
597 3227 681 3285 pia
705 3227 863 3273 Mater
882 3227 1115 3272 Ecclesia
1143 3227 1241 3281 (cui

171 3296 460 3355 ceteroquin
497 3298 660 3341 omnis
708 3301 937 3356 potestas
971 3299 1022 3342 in
1056 3297 1234 3343 aedifi-

171 3367 419 3411 cationem
456 3365 575 3410 data
600 3371 694 3419 est)
721 3368 872 3413 vellet
893 3368 1012 3413 huic
1029 3367 1242 3427 jurisdi-

170 3435 389 3481 ctionem
426 3436 545 3481 dare
580 3437 642 3481 ad
667 3438 964 3483 salvandam
1000 3440 1242 3492 animam,

172 3518 262 3564 pro
294 3518 395 3564 qua
427 3511 658 3551 mortuus
692 3513 772 3552 est
804 3508 1069 3554 Christus!

232 3576 290 3619 29
323 3575 370 3622 S.
396 3575 550 3636 Alph.
582 3576 664 3628 VI,
697 3579 770 3623 88.
794 3580 899 3623 Non
936 3582 1055 3624 item
1086 3580 1138 3625 E.
1166 3579 1239 3632 U.,

170 3646 272 3691 nisi
305 3646 429 3691 forte
471 3660 562 3692 nec
596 3647 975 3694 Eucharistiam
1017 3652 1239 3710 recipere

172 3719 396 3776 potuerit
427 3717 501 3775 (S.
527 3716 678 3777 Alph.
708 3716 815 3769 VII,
841 3719 960 3775 170).
985 3718 1116 3765 Illud
1151 3721 1232 3765 in-

1356 2376 1514 2419 terest
1545 2375 1676 2418 inter
1706 2373 2008 2418 exercitium
2036 2372 2245 2427 ordinis,
2269 2376 2319 2418 et
2334 2376 2424 2434 ju·

1357 2444 1686 2497 risdictionis,
1731 2444 1864 2503 quod
1906 2443 2134 2489 ordinem
2181 2446 2431 2504 (sacrum)

1355 2514 1632 2561 exercendo
1660 2515 2130 2560 excommunicatus
2152 2513 2212 2560 fit
2232 2515 2422 2575 irregu-

1355 2586 1493 2639 laris,
1528 2587 1623 2630 etsi
1660 2586 1924 2640 toleratus;
1965 2598 2027 2631 ex
2049 2585 2423 2645 jurisdictionis

1355 2657 1594 2702 exercitio
1630 2670 1728 2702 non
1763 2658 1900 2710 item,
1925 2658 2020 2701 etsi
2045 2655 2311 2702 vitandus:
2335 2655 2426 2702 sed

1353 2727 1447 2772 hac
1481 2727 1542 2772 de
1574 2741 1624 2772 re
1659 2728 1836 2773 serius.

1412 2798 1471 2842 30
1492 2798 1547 2842 D.
1573 2797 1693 2843 Tho.
1723 2799 1765 2848 3,
1789 2799 1866 2852 82,
1886 2800 1913 2841 7
1939 2797 2002 2843 ad
2027 2798 2069 2843 3.
2091 2796 2150 2843 V.
2171 2801 2202 2850 ἓ
2225 2797 2298 2853 77,
2318 2796 2392 2843 53.

1416 2869 1469 2912 31
1508 2869 1651 2914 Suar.
1687 2868 1772 2922 XI,
1805 2869 1847 2919 3,
1887 2870 1953 2912 14.
2054 2891 2057 2893 Δ

1415 2940 1473 2984 32
1506 2941 1558 2986 C.
1591 2939 1651 2982 53
1683 2943 1711 2993 g
1756 2940 1956 2985 Verum.
1990 2939 2066 2985 De
2098 2940 2286 2995 Appezl.

1414 3010 1470 3054 33
1504 3010 1678 3068 Laym.
1703 3009 1766 3062 II,
1790 3010 1829 3054 8.
1855 3008 2105 3056 Schmalz.
2130 3008 2186 3063 V,
2211 3007 2286 3063 39,
2317 3009 2416 3054 158.

1349 3081 1396 3128 S.
1421 3081 1579 3141 Alph.
1603 3080 1688 3134 III,
1713 3079 1953 3133 6703V11‚
1986 3080 2095 3133 1833
2119 3078 2331 3127 Salmat.
2353 3079 2426 3136 10,

1349 3156 1392 3207 3,
1435 3153 1547 3196 112:
1583 3155 1758 3198 contra
1792 3152 1936 3198 Suar.
1968 3150 2068 3196 Nec
2103 3148 2215 3196 ideo
2250 3152 2424 3210 potest

1348 3225 1585 3269 omittere
1609 3223 1762 3268 horas
1797 3222 2064 3268 canonicas
2083 3220 2142 3268 V.
2158 3221 2187 3278 ἓ
2207 3220 2310 3275 304,
2339 3222 2415 3267 ll:

1347 3295 1435 3340 sed
1492 3295 1600 3341 loco
1647 3295 1904 3340 Dominus
1947 3294 2211 3338 vobiscum
2267 3296 2414 3351 (quae

1347 3366 1499 3411 verba
1533 3365 1915 3416 salutationem,
1950 3367 2100 3422 atque
2139 3361 2250 3409 ideo
2281 3373 2415 3409 com-

1346 3437 1744 3482 munic-ationem
1777 3435 2087 3495 significant)
2119 3433 2285 3479 dicere
2316 3431 2407 3479 de-

1346 3508 1429 3553 bet
1453 3509 1670 3553 Domine
1703 3508 1903 3552 eoeaudi
1924 3507 2216 3551 orationem
2236 3515 2409 3550 meam

1317 3573 1511 3636 '(Suar.
1548 3592 1594 3623 n.
1637 3580 1723 3631 13),
1765 3577 1969 3637 quando
2015 3589 2100 3622 eas
2133 3587 2250 3622 cum
2292 3573 2407 3619 aliis

1343 3651 1526 3695 recitat
1559 3649 1624 3702 (S.
1650 3648 1802 3708 Alph.
1829 3647 1935 3702 VII,
1965 3648 2079 3702 178).

1403 3719 1461 3763 34
1499 3720 1595 3768 CC.
1634 3722 1680 3774 7,
1722 3719 1790 3763 lO.
1831 3720 1906 3765 De
1950 3718 2126 3764 Cleric.
2163 3726 2396 3762 excomm
