2548 4042
921 247 1474 319 TRACTATUS
1519 250 1651 318 ΙΠ,

1074 391 1167 448 DE
1208 394 1507 450 anlssos

1018 799 1022 804 ·
1119 778 1351 834 CAPUT
1394 778 1434 832 Ι.

886 916 965 955 ΒΕ
1006 915 1264 956 LEGIBUS
1306 915 1368 953 IN
1409 914 1665 955 GENERE

472 1082 621 1135 Am.
651 1082 691 1134 Ι.
738 1082 879 1143 Quid
917 1083 1018 1146 lex,
1060 1087 1109 1134 et
1146 1083 1440 1150 quotuplex,
1481 1088 1532 1134 et
1567 1097 1697 1149 quae
1738 1078 1859 1151 lepis
1899 1083 2087 1136 virtus,

230 1247 352 1300 160.
396 1246 531 1310 Lex,
572 1249 817 1315 ampliori
859 1246 1277 1316 appellatione,
1320 1245 1590 1314 regulam
1631 1244 1948 1315 significat,
1998 1260 2151 1316 quae
2196 1259 2399 1301 unam·

131 1350 442 1409 ‚quamque
473 1350 595 1391 rem
625 1336 682 1389 in
715 1336 890 1390 finem
921 1351 1091 1390 suum
1120 1334 1349 1403 dirigit:
1380 1350 1496 1405 qno
1524 1349 1703 1389 sensu
1738 1334 1926 1389 omnis
1953 1336 2230 1389 creatura
2258 1347 2400 1392 suas

146 1425 327 1480 habet
370 1425 567 1494 leges:
587 1427 805 1495 propria
846 1425 1145 1493 significat
1186 1424 1477 1492 regulam,
1507 1439 1659 1493 quae
1701 1423 1967 1479 actiones
2006 1425 2292 1480 humanas
2333 1423 2395 1479 in

143 1516 322 1570 finem
364 1530 534 1569 suum
564 1515 834 1570 ultimum
863 1515 1092 1582 dirigit:
1126 1515 1231 1568 hoc
1272 1529 1448 1568 sensu
1494 1513 1755 1567 breviter
1782 1512 2087 1567 definitur:
2116 1513 2396 1568 ‚Iustorum
2452 1512 2490 1601 ψ’

145 1612 195 1659 et
218 1607 538 1672 injustorum
566 1606 750 1674 τομαῖα
777 1601 881 1676 (l):
911 1604 1157 1673 plenius,
1187 1605 1412 1656 ,Iussum
1439 1604 1656 1670 lapicimi
1679 1604 1947 1671 Principis
1973 1608 2183 1672 proptor
2208 1603 2397 1658 bouum

144 1696 486 1760 subditorum,
518 1711 802 1758 commune,
834 1701 1159 1763 perpetuum,
1199 1696 1513 1760 sufficienter
1544 1694 1941 1762 promulqatum
1961 1689 2052 1764 (2).

222 1786 346 1839 161.
371 1784 660 1854 Principio
684 1783 869 1852 igitur
899 1786 993 1838 lex
1018 1787 1107 1838 est
1126 1785 1375 1851 jussum3
1399 1797 1511 1836 non
1545 1781 1871 1845 consilium,
1903 1795 2017 1835 non
2041 1779 2390 1837 exhortatio.

141 1875 217 1931 Ut
247 1876 479 1945 jussum
520 1874 822 1942 obligandi
854 1874 970 1927 vim
1018 1874 1230 1927 habeat
1262 1887 1503 1926 necesse
1533 1874 1641 1935 est,
1669 1872 1739 1925 ut
1781 1871 2005 1926 feratur
2042 1885 2080 1925 a
2119 1869 2395 1940 Principe

138 1963 425 2032 legitimo.
468 1965 769 2034 Principem
810 1963 1057 2017 dicimus
1101 1978 1236 2017 eum
1276 1961 1376 2031 qui
1428 1961 1726 2030 perfectae
1776 1960 2181 2015 communitati
2226 1973 2391 2030 prae-

138 2052 346 2124 est(3);
402 2053 553 2109 idest
599 2053 918 2115 Ecclesiae,
973 2053 1066 2106 vel
1117 2051 1358 2105 Civitati
1407 2050 1462 2121 (ἓ
1510 2051 1620 2120 67).
1666 2052 1977 2120 Legitimum
2032 2053 2093 2106 et
2150 2050 2386 2120 planum

138 2147 232 2199 est
256 2141 356 2215 (4):
401 2143 650 2214 ideoque
690 2158 878 2197 suum.
911 2142 1089 2196 Suum
1128 2143 1329 2196 autem
1370 2139 1690 2209 accipimus
1733 2155 1806 2195 ex
1837 2139 2109 2204 subditiS,
2154 2155 2229 2195 ex
2260 2141 2394 2196 ter-

206 2348 222 2389 1
250 2346 304 2392 L.
326 2346 367 2400 ⁸2,
391 2347 439 2392 in
470 2346 518 2392 fi.
547 2349 592 2392 Ῑι.
616 2351 647 2392 t.
673 2347 744 2395 Cf.
779 2346 926 2393 Salas
962 2348 1037 2392 De
1067 2349 1210 2405 Leyi·

140 2419 255 2472 bus,
287 2420 338 2461 et
371 2418 502 2462 inter
535 2419 852 2471 recentiores,
888 2418 1209 2478 Bouquillon.

1302 2348 1740 2403 praescriptione,
1759 2349 1857 2392 aut
1876 2347 2001 2404 reip.
2019 2358 2291 2402 consensu,
2311 2345 2386 2394 le·

1307 2419 1520 2477 gitimns
1555 2431 1653 2463 non
1686 2417 1856 2474 fuerit
1887 2420 2094 2464 tandem
2129 2418 2386 2477 Princeps
2470 2430 2474 2431 ⁷

134 2489 310 2534 Instit.
347 2490 512 2535 Theol.
542 2491 669 2535 Mor.
688 2488 929 2544 fundam.
955 2492 1001 2535 h.
1024 2494 1057 2535 t.
1071 2504 1094 2542 ‚·
1118 2489 1206 2534 sed

135 2559 192 2605 in
234 2559 416 2618 primis
450 2558 650 2605 Suarez.
685 2561 760 2606 De
797 2563 1033 2616 Leytbus,
1078 2574 1207 2620 opus

135 2628 286 2689 longe
319 2629 800 2689 praeclarissimum.

196 2701 226 2744 2
260 2702 334 2746 Ex
363 2700 419 2746 L.
459 2701 495 2755 l,
528 2703 574 2747 h.
610 2705 663 2755 t.‚
694 2705 723 2754 ἓ
762 2702 810 2745 ll
851 2702 926 2748 De
946 2702 1061 2747 Jur.
1096 2707 1204 2748 nat.

134 2775 185 2820 et
210 2773 345 2819 Geni.
373 2771 429 2817 V.
455 2772 655 2831 Suarez,
676 2773 750 2819 De
774 2772 1012 2829 LeyibuS,
1035 2772 1141 2818 Lib.
1166 2772 1204 2826 I,

133 2842 254 2903 Cap.
288 2843 352 2898 10,
378 2857 423 2888 n.
446 2843 491 2889 5.
509 2843 665 2898 Alias,
690 2843 772 2889 lex
797 2846 891 2888 est:
931 2844 1203 2889 Ordinatio

131 2916 358 2959 rationis
376 2917 448 2960 ad
464 2917 651 2960 bonum
672 2926 943 2961 commune
960 2917 1024 2960 ab
1041 2929 1097 2962 eo
1114 2918 1203 2973 qui

132 2996 319 3030 curam
354 2987 508 3032 habet
543 2984 943 3032 Communitatis
967 2989 1202 3043 promul·

125 3060 257 3111 caca
282 3054 360 3110 (D.
387 3054 476 3100 Th.
505 3056 540 3109 l,
567 3058 608 3110 2,
632 3055 703 3110 90,
729 3057 793 3113 4).

192 3125 221 3169 3
256 3124 309 3169 D.
344 3124 433 3169 Th.
466 3127 503 3179 1,
526 3126 571 3181 2,
604 3125 677 3182 90,
711 3127 739 3170 3
772 3126 836 3172 ad
858 3126 899 3172 3.
924 3128 1199 3175 Perfectam

131 3196 550 3242 communitatem
570 3199 847 3256 accipimus
863 3212 991 3258 quae
1008 3199 1199 3255 politici

126 3266 396 3324 regiminis
430 3279 591 3325 capax
626 3272 704 3313 est
738 3269 899 3320 (Suar.
927 3269 964 3321 Ι,
988 3269 1070 3323 VI,
1101 3269 1199 3327 19„

126 3338 191 3381 ‘ut
234 3335 479 3391 Ecclesia,
522 3337 769 3395 Regnum,
810 3339 1076 3385 Provincia
1117 3341 1199 3386 sui

119 3403 255 3465 juris
304 3405 499 3459 (Alasia
546 3407 620 3453 De
675 3409 841 3465 Leyib.
893 3409 1105 3455 Dissert.
1161 3410 1196 3467 Ι,

126 3474 250 3535 Cap.
286 3474 351 3530 11,
381 3480 411 3531 ἓ
442 3476 509 3536 5).

184 3547 213 3589 4
245 3544 318 3591 Cf.
351 3545 537 3592 Victor.
571 3549 759 3595 Reiect.
791 3553 861 3596 De
896 3551 1076 3596 Potest.
1118 3554 1196 3597 Ci-

124 3615 238 3668 vili,
284 3628 333 3661 n.
371 3615 444 3661 23.
487 3615 599 3662 Duo
649 3617 756 3663 heic
807 3625 1058 3678 quaerunt
1103 3622 1194 3667 TT.

115 3683 293 3745 quoad
347 3685 588 3747 Princeps
648 3687 951 3748 illegitimus
1003 3691 1197 3748 forsan

1308 2489 1431 2545 (Sot.
1455 2489 1616 2543 111,1V‚
1633 2490 1674 2533 6.
1694 2489 1834 2536 Less.
1850 2489 1901 2542 11,
1919 2488 1992 2542 29,
2011 2489 2108 2548 70).
2138 2488 2186 2533 1⁰
2207 2493 2385 2535 utrum

1307 2562 1416 2620 ipse
1450 2565 1634 2620 peccet,
1668 2558 1855 2605 nedum
1889 2557 2184 2619 usurpando
2231 2561 2380 2620 pote·

1305 2637 1489 2678 statem
1526 2636 1575 2676 et
1597 2630 1876 2684 retinendo,
1898 2629 1988 2676 sed
2010 2633 2062 2675 ct
2085 2629 2385 2687 exercendo,

1306 2702 1438 2747 idest
1457 2702 1608 2748 toties
1626 2701 1825 2760 quoties
1844 2699 1984 2746 illam
2003 2703 2224 2752 exercet,
2243 2699 2382 2761 quod

1306 2772 1442 2818 Less.
1467 2775 1619 2831 negat
1641 2785 1685 2816 n.
1705 2772 1779 2817 71.
1797 2771 1941 2830 Lugo
1960 2773 2034 2819 De
2052 2771 2190 2818 Just.
2206 2770 2279 2825 37,
2302 2771 2382 2826 28,

1304 2843 1545 2888 affirmat:
1599 2843 1693 2889 hoc
1746 2846 2013 2902 praetereo.
2065 2843 2117 2887 2⁰
2168 2841 2373 2898 Utrum,

1303 2918 1573 2974 postquam
1606 2915 1650 2960 is
1683 2914 1735 2959 in
1769 2913 1980 2973 pacifica
2010 2913 2214 2974 imperii
2247 2926 2374 2973 pos-

1302 2986 1529 3031 sessione
1562 2998 1671 3031 esse
1706 2985 1940 3045 coeperit,
1963 2985 2013 3030 et
2034 2982 2289 3044 quamdiu
2316 2983 2374 3030 in

1302 3069 1360 3101 ea
1395 3056 1648 3109 manserit,
1683 3056 1727 3101 ei
1762 3057 1814 3101 in
1846 3054 2155 3102 conscicntia
2191 3067 2372 3115 parcn-

1301 3129 1424 3175 dum
1457 3129 1537 3173 sit.
1570 3127 1733 3187 Negat
1759 3126 1876 3173 Soto
1899 3126 1931 3171 l.
1957 3137 2024 3183 c.;
2063 3125 2214 3172 ceteri
2242 3137 2374 3184 pene

1302 3213 1476 3245 omnes
1519 3198 1783 3250 affirmant,
1817 3199 1867 3243 et
1909 3196 2124 3249 rectius;
2165 3196 2275 3242 sive
2308 3207 2373 3242 ex

1301 3272 1551 3329 potestate
1576 3283 1604 3315 a
1623 3267 1819 3314 civibus
1849 3267 2001 3314 tacite
2031 3268 2077 3312 ei
2099 3267 2374 3327 permissa;

1301 3354 1391 3387 seu
1411 3341 1580 3400 potius
1599 3339 1819 3400 quodam
1837 3338 1986 3399 quasi
2004 3336 2233 3384 naturali
2243 3338 2382 3398 jure,

1300 3425 1357 3457 eo
1389 3410 1523 3470 quod
1567 3411 1677 3456 sine
1713 3410 1945 3468 Principe
1989 3408 2127 3455 brevi
2173 3407 2375 3457 Civitas

1299 3483 1530 3528 interiret
1562 3481 1722 3537 (Less.
1747 3480 1890 3540 Lugo
1913 3479 1965 3526 ll.
1999 3492 2069 3526 cc.
2093 3477 2238 3525 Salas
2265 3479 2316 3524 Ιι.
2338 3480 2374 3524 t.

1299 3553 1439 3612 Disp.
1471 3553 1537 3608 10,
1565 3551 1693 3598 Sect.
1718 3552 1759 3607 3,
1793 3565 1843 3596 n.
1868 3552 1939 3606 14,
1959 3563 2016 3596 ac
2050 3547 2254 3595 tandem
2287 3545 2369 3595 vel

1298 3623 1407 3682 ipse
1443 3623 1585 3668 Suar.
1619 3624 1663 3666 h.
1699 3626 1730 3667 t.
1763 3621 1851 3676 111,
1879 3621 1947 3674 10,
1978 3621 2040 3679 9).
2077 3618 2298 3678 Ideoque
2321 3620 2378 3664 et

1299 3691 1687 3752 magistratibus
1712 3691 1774 3738 ab
1797 3705 1854 3739 eo
1876 3689 2190 3748 constitutis,
2209 3690 2260 3735 ct
2280 3700 2366 3735 eo·
2451 3719 2455 3724 -
