2548 4042
186 117 340 174 inter
391 130 495 172 eas
546 115 743 177 distat,
791 113 944 185 quod
994 125 1096 168 reo
1147 111 1397 169 subinde
1443 123 1550 184 per
1597 103 1964 175 sententiam
1987 82 2468 218 ’66ὴᾶὲῖἱῇῲῇ

2414 251 2446 278 ι
2465 246 2517 300 <⁸⁵¹

183 219 370 275 poena
410 204 446 259 1.
490 219 533 259 s.
573 202 648 259 ad
689 202 847 276 diem
882 200 1123 259 admissi
1164 200 1429 258 criminis
1467 204 1910 263 retrotrahitur:
1951 213 2143 279 poena
2185 209 2222 266 s.
2249 209 2407 268 ssi

420 33 547 72 rans
580 18 735 72 rums
754 41 780 56 ·
801 0 1175 74 {acuminat
1191 41 1216 56 ·
1229 0 1405 76 rate-rs
1429 0 1979 88 &binius
2157 7 2261 67 ἧς
2387 78 2394 91 Ι

2081 78 2100 98 'e

2088 106 2108 113 ..

183 293 324 364 cipit
363 309 399 348 a
438 293 533 348 die
568 293 725 347 latae
765 291 1101 347 sententiae
1136 289 1279 363 (19):
1308 306 1379 347 ac
1408 290 1648 363 proinde
1675 293 1723 351 si
1743 295 1933 366 judex
1959 298 2035 353 ab
2064 313 2134 355 ea
2173 278 2548 374 ferendaessifii}

181 383 553 446 abstinuerit,
586 382 723 437 licet
753 397 857 452 per
883 381 1020 443 vim,
1049 384 1155 436 aut
1193 380 1407 445 dolum,
1433 384 1540 437 aut
1566 383 1785 447 sordes,
1817 399 2002 455 poena
2044 402 2154 442 nec
2195 387 2255 443 in
2296 375 2449 461 ΐὸἰέἂ·
2476 372 2548 461 3,·Ῑῖ

182 473 581 529 conscientiae
613 470 969 540 intelligitur
993 469 1123 542 (20).
1155 471 1387 525 Poenae
1418 470 1454 525 1.
1485 486 1527 525 s.
1565 473 1774 527 tenent
1813 488 2061 546 semper,
2090 477 2230 547 quia
2269 459 2417 537 nuns-
2447 484 2489 515 ‘2'-
2503 475 2548 536 31⁹.

181 579 356 634 quam
411 562 664 631 injustae
707 576 837 616 esse
885 563 1149 631 possunt;
1196 560 1228 613 s.
1271 574 1320 613 S.
1361 574 1477 615 non
1530 564 1738 618 tenent
1789 563 1836 618 si
1886 566 2185 623 sententia
2236 545 2548 642 meritss-''fsj

180 652 418 723 injusta,
460 652 555 707 vel
599 651 779 707 nulla.

386 865 532 918 ΛΒΤ.
556 862 648 916 ΙΙΙ.
679 863 757 915 Do
787 864 966 931 poenis
1007 864 1234 931 sinyulis
1273 862 1471 915 delictis
1498 864 1813 930 maqueda,
1840 870 1889 916 et
1925 866 2222 919 subeundis.

1070 1024 1528 1065 PRAENOTANDA

252 1149 379 1203 304.
411 1150 483 1203 Ut
526 1148 685 1202 locus
726 1162 947 1217 poenae
979 1147 1104 1201 fieri
1149 1147 1329 1216 possit
1370 1150 1511 1201 ante
1554 1148 1748 1202 omnia
1790 1149 1904 1203 duo
1945 1148 2420 1219 exploratissima
2489 1167 2492 1170 ’

176 1253 306 1294 esse
336 1239 575 1298 debent,
607 1237 841 1298 sactum,
879 1239 940 1291 et
971 1237 1103 1306 j11s;
1148 1237 1299 1290 idest
1347 1236 1398 1290 1⁰
1437 1235 1718 1291 delictum
1760 1237 2079 1293 admissum
2120 1238 2301 1294 fuisse
2337 1238 2418 1296 ab

177 1343 247 1383 eo
285 1328 385 1398 qui
430 1341 566 1381 reus
608 1326 936 1395 postulatur
976 1325 1069 1396 (l),
1113 1328 1174 1380 et
1218 1326 1323 1379 hoc
1374 1325 1743 1380 manifestam
1786 1327 2075 1383 rationem
2116 1328 2414 1384 continet:
2530 1317 2548 1353 .:

175 1417 232 1472 2⁰
260 1431 505 1487 poenam
533 1416 818 1470 adversus
846 1415 1105 1469 edictum
1134 1413 1462 1483 hujusmodi
1494 1414 1553 1468 in
1573 1416 1710 1483 jure
1744 1418 2227 1486 comprehensam
2255 1433 2414 1476 esse:
2480 1404 2483 1406 ’

175 1643 509 1691 nihilominus
547 1642 690 1689 Suar.
726 1643 802 1688 De
833 1642 1000 1697 Leyib.
1026 1639 1085 1693 V,
1108 1641 1153 1691 6,
1176 1638 1248 1693 24,

175 1720 270 1762 etc.
290 1715 467 1761 haeret
499 1721 704 1774 anceps,
725 1715 775 1759 et
796 1712 1061 1759 laboriosis
1085 1713 1248 1758 utitur

175 1785 613 1832 distinctionibus:
648 1787 698 1830 et
737 1784 785 1831 S.
810 1783 957 1843 Alph.
980 1783 1087 1837 VII,
1109 1785 1166 1839 8;
1197 1786 1248 1828 et

174 1857 232 1903 Η.
259 1860 315 1902 A.
340 1856 475 1911 XIX,
507 1857 548 1906 2,
583 1859 632 1900 et
670 1856 814 1905 hanc,
854 1859 904 1899 et
942 1855 1246 1900 contrariam

173 1929 479 1974 sententiam
502 1928 573 1972 ait
591 1941 701 1973 esse
719 1925 1245 1986 probabilem.Verum

173 1999 411 2046 Suaresio
429 1998 457 2044 1.
478 2012 515 2044 6.
537 2000 839 2055 imperativi
856 2001 1038 2043 modus
1054 2010 1246 2054 anceps

171 2073 360 2117 locutio
395 2075 487 2117 est:
511 2068 759 2129 numquid
795 2068 888 2114 hoc
922 2082 1019 2114 non
1056 2069 1245 2115 sufficit

171 2141 234 2187 ad
255 2154 469 2200 poenam
493 2139 874 2191 excludendam.
895 2141 994 2185 nisi
1016 2139 1154 2186 aliud
1182 2155 1242 2186 ex

171 2212 288 2258 aliis
323 2212 583 2257 evidenter
617 2211 894 2270 appareat?
925 2211 990 2255 Et
1018 2211 1066 2257 S.
1092 2212 1241 2271 Alph.

170 2283 297 2330 alias
313 2282 437 2339 (Lib.
452 2282 653 2337 V1,705)
671 2282 832 2336 docet,
845 2297 902 2327 ea
920 2282 1242 2334 Bened.XIV,

170 2354 323 2400 verba
350 2372 372 2396 ‹
399 2354 720 2410 confessarii
751 2355 1089 2400 sollicitantes
1115 2366 1238 2410 per-

64 2472 68 2476 ,
161 2430 381 2483 petuam
430 2427 816 2471 inhabilitatem
858 2426 1141 2470 incurrant
1172 2428 1242 2470 ad

171 2498 426 2555 sacrificii
481 2498 877 2542 celebrationem
902 2514 924 2537 »
986 2496 1242 2541 continere

168 2580 381 2627 poenam
416 2566 446 2612 f.
483 2580 547 2618 8.;
585 2566 718 2625 quod
753 2567 1009 2625 responsis
1044 2570 1153 2611 tum
1192 2566 1239 2613 S.

169 2637 228 2683 U.
240 2637 276 2682 1.
295 2640 403 2683 tum
426 2636 471 2683 S.
490 2637 765 2681 Poenitent.
786 2640 961 2695 postea
979 2637 1242 2683 confirma-

170 2713 280 2754 tum
315 2711 407 2754 est.
444 2708 575 2754 Sane
608 2707 811 2766 quando
845 2708 924 2752 lex
965 2709 1126 2753 voluit
1160 2708 1240 2754 his

122 2816 124 2818 ,
171 2778 336 2825 verbis
371 2780 588 2838 irrogare
613 2791 824 2838 poenam
846 2778 876 2823 l.
901 2793 939 2823 s.
959 2779 1010 2823 id
1035 2793 1239 2838 expres·

170 2852 254 2906 sit,
273 2855 330 2896 ut
349 2853 396 2897 in
414 2850 467 2898 C.
492 2850 562 2894 27.
589 2851 664 2897 De
687 2851 841 2896 Elect.
865 2850 916 2895 in
944 2849 996 2893 6⁰
1021 2875 1040 2883 -
1065 2852 1235 2896 electio

168 2935 278 2968 1rso
297 2934 464 2969 sacro
485 2923 682 2967 viribus
703 2926 955 2967 vacuetur
977 2924 1186 2967 omnino
1214 2946 1232 2954 -

171 2993 233 3036 Et
255 2994 304 3037 in
326 2992 379 3040 C.
399 2993 489 3038 ult.
510 2997 581 3039 De
603 2994 722 3040 Reb.
746 2994 931 3039 Eccles.
951 3006 1055 3038 non
1078 2994 1233 3039 alien.

169 3063 222 3107 in
254 3064 316 3106 6⁰.
354 3063 608 3109 Praelatos
643 3062 773 3109 bona
805 3063 1060 3109 Ecclesiae
1110 3062 1233 3108 alie·

170 3138 351 3178 nantes
405 3135 739 3193 suspensione
793 3133 854 3179 ab
902 3133 1232 3180 administra-

168 3204 305 3250 tione
339 3207 449 3260 ipso
479 3205 643 3260 facto,
666 3205 821 3251 laicos
845 3219 903 3250 ea
928 3209 1237 3264 usurpantes

168 3287 416 3320 excomm.
452 3288 506 3320 eo
542 3278 647 3331 ipso
671 3280 888 3324 coercet:
921 3276 983 3322 de
1017 3276 1098 3321 his
1122 3289 1240 3321 vero

169 3346 258 3404 qui
291 3344 355 3390 ad
389 3344 512 3389 haec
547 3347 884 3404 compulerint
918 3348 1004 3398 ait,
1037 3359 1236 3392 excom·

169 3419 427 3462 manicat.
450 3418 558 3460 sint
585 3421 795 3461 sentent.
821 3419 1074 3464 innodati.
1109 3417 1239 3463 Sane

168 3500 284 3534 cum
323 3486 437 3532 heic
477 3499 575 3531 non
616 3486 867 3531 addiderit
909 3488 1059 3534 verba
1086 3514 1103 3523 ·
1130 3491 1241 3544 ipso

166 3558 312 3615 facto
338 3582 358 3593 -
385 3570 442 3603 eo
489 3560 598 3614 ipso
624 3582 644 3591 ·
671 3557 851 3611 dicere,
898 3559 989 3604 lios
1039 3572 1240 3619 quoque

169 3629 383 3674 coerceri
407 3641 568 3687 poena
591 3627 620 3672 l.
647 3642 703 3682 s.‚
737 3629 944 3687 perinde
969 3634 1046 3674 est
1070 3644 1126 3675 ac
1152 3629 1241 3674 illa

169 3699 421 3758 supplere.
455 3697 535 3744 Ad
578 3703 860 3743 ext-remum
902 3700 946 3744 si
986 3701 1240 3754 sententia

1348 1638 1646 1696 negantium
1694 1639 1799 1685 illis
1847 1639 2014 1687 verbis
2047 1665 2082 1682 -.
2107 1631 2426 1700 ευρἰᾳοθαὶ...

1350 1711 1565 1754 amittat
1583 1735 1603 1744 -
1626 1710 1898 1770 probabilis
1948 1716 2041 1767 est,
2091 1726 2255 1760 nonne
2301 1726 2438 1763 eam'

1348 1781 1493 1839 sequi
1518 1784 1568 1825 et
1599 1781 1716 1827 licet
1741 1787 1789 1827 et
1806 1783 2037 1843 oportet?
2055 1784 2227 1846 quue
2249 1785 2417 1846 magis
2511 1792 2516 1793 ⁷
2541 1806 2548 1815 ·

1346 1851 1605 1910 sequenda
1638 1854 1732 1899 erit
1765 1856 1806 1900 si
1845 1854 1926 1899 lex
1962 1854 2100 1903 dicat
2121 1881 2143 1892 -
2167 1868 2295 1903 narr
2331 1867 2419 1903 su-

1346 1935 1565 1979 spensus
1581 1948 1601 1958 ·
1618 1936 1741 1970 mur
1761 1930 2279 1981 eme-ommunicatus,-
2294 1926 2417 1987 quia

1345 1996 1436 2038 hoc
1473 1996 1682 2040 verbum
1723 1998 1824 2043 erit
1855 1998 2120 2044 interdum
2141 2005 2426 2055 praesens,
2494 2051 2496 2054 y
2541 2021 2548 2027 -

1346 2065 1607 2110 interdum
1656 2066 1902 2122 futurum
1953 2072 2154 2125 tempus
2198 2070 2414 2122 demon-

1344 2141 1485 2181 strat
1515 2137 1589 2193 (L.
1622 2138 1721 2184 1⁶23.
1756 2139 1830 2185 De
1859 2140 1909 2183 V.
1939 2140 2020 2198 S.).
2054 2139 2137 2195 Et,
2169 2142 2227 2186 ut
2257 2151 2415 2200 geue·

1344 2207 1516 2254 raliter
1532 2209 1764 2264 dixerim,
1778 2211 1878 2256 nisi
1896 2212 2138 2270 appareat
2150 2209 2418 2257 manifeste

1343 2293 1557 2339 poenam
1582 2294 1693 2326 esse
1710 2280 1742 2326 l.
1767 2294 1823 2335 s,
1844 2280 1877 2327 f.
1894 2294 1934 2327 s,
1954 2294 2064 2326 eam
2082 2291 2192 2328 esse
2210 2279 2417 2327 omnino

1342 2351 1617 2397 tenendum
1653 2353 1732 2397 est
1764 2353 1811 2410 (5
1845 2351 1968 2408 304).

1412 2423 1462 2466 19
1480 2422 1533 2467 L.
1550 2422 1651 2468 Ult.
1671 2423 1723 2471 C.
1742 2426 1814 2470 Aa
1831 2424 1888 2469 L.
1902 2424 2002 2470 Jul.
2019 2421 2360 2480 Manassae
2374 2419 2416 2479 1,

1344 2493 1426 2548 VI,
1450 2494 1491 2537 6.
1516 2493 1667 2540 Cone.
1692 2497 1734 2539 4.
1759 2494 1904 2541 Suar.
1938 2495 2014 2541 De
2029 2494 2199 2551 Leaib.
2224 2491 2282 2548 V,
2302 2493 2349 2546 8,
2369 2490 2412 2537 3.

1343 2566 1409 2610 Et
1444 2565 1556 2611 ideo
1589 2565 1641 2610 in
1679 2566 1835 2624 priori
1873 2578 1996 2611 casu
2034 2564 2290 2610 sententia
2318 2565 2411 2612 de-

1341 2638 1649 2689 claratoria,
1681 2636 1732 2680 in
1758 2634 2023 2694 posteriori
2051 2637 2413 2681 condemnato-

1343 2709 1429 2752 ria
1463 2706 1564 2752 dici
1597 2707 1739 2752 solet.
1776 2706 2004 2760 Proinde,
2031 2719 2075 2751 v.
2102 2718 2169 2765 g.,
2198 2705 2414 2751 clericus

1342 2778 1575 2835 privatus
1621 2777 1861 2823 beneficio
1904 2790 1992 2836 per
2038 2779 2168 2823 sent.
2203 2773 2415 2836 judicis,

1344 2850 1453 2893 illic
1485 2848 1683 2893 fructus
1718 2846 1780 2893 ab
1806 2847 1900 2894 hac
1923 2848 2027 2893 lata
2058 2846 2308 2900 restituit,
2331 2846 2415 2892 hic

1343 2933 1372 2964 a
1406 2918 1486 2964 die
1521 2919 1707 2978 patrati
1743 2918 1996 2971 criminis;
2030 2919 2081 2963 et
2110 2917 2159 2963 si
2196 2927 2411 2977 poenam

1342 3002 1541 3050 quoque
1577 2989 1914 3036 inhabilitatis
1943 2988 2227 3045 incurrerit,
2262 2989 2410 3035 actua

1343 3061 1507 3106 medio
1539 3064 1763 3120 tempore
1797 3061 1928 3120 gesti
1967 3062 2083 3106 illic
2124 3060 2223 3106 rati
2261 3061 2413 3110 erunt

1341 3132 1416 3190 (L.
1455 3132 1523 3176 15.
1559 3134 1630 3180 De
1664 3133 1888 3186 Donat),
1920 3133 2003 3176 hic
2038 3130 2168 3176 irriti
2208 3129 2325 3180 (cit.
2354 3125 2412 3176 L.

1339 3202 1468 3257 ultA,
1502 3203 1603 3248 nisi
1638 3202 1762 3248 forte
1798 3203 1869 3247 eis
1902 3201 2070 3247 faveat
2109 3213 2246 3246 error
2277 3211 2414 3247 com·

1287 3287 1289 3289 ·
1340 3274 1510 3318 munis
1545 3273 1805 3322 (Thesaur.
1830 3271 1869 3325 1,
1892 3270 1978 3326 VI,
2001 3271 2081 3329 V).

1399 3344 1457 3387 20
1492 3343 1546 3389 V.
1583 3343 1736 3390 Salm.
1771 3341 1858 3398 XI,
1891 3342 1935 3396 2,
1967 3343 2043 3389 76.

1403 3417 1419 3460 l
1458 3415 1513 3460 L.
1556 3415 1631 3461 25.
1663 3416 1739 3460 De
1778 3414 2082 3459 Probation.
2124 3410 2214 3458 Ibi.
2247 3412 2412 3459 Nemo

1337 3489 1766 3532 condemnandus
1798 3489 1874 3531 est
1904 3485 2012 3530 nisi
2046 3496 2114 3531 ex
2145 3483 2414 3540 probatio-

1339 3559 1510 3611 nibus,
1556 3558 1638 3603 vel
1669 3555 1882 3601 indiciis
1926 3556 2039 3600 luce
2081 3552 2410 3599 clarioribus.

1341 3627 1394 3672 V.
1420 3627 1693 3673 Deuteron.
1718 3626 1796 3679 21,
1821 3625 1864 3670 2.
1888 3625 1983 3674 CC.
2017 3625 2053 3678 1,
2083 3624 2154 3669 14.
2184 3621 2286 3672 Qui
2305 3620 2411 3681 filit
2472 3677 2479 3682 ι

1339 3701 1447 3745 sint
1480 3701 1615 3755 leyit.
