2548 4042
66 9 78 16 “
174 8 246 66 84

2092 0 2367 33 ψψτκι

599 24 726 65 mus
759 25 915 64 rama
939 35 964 50 ·
985 22 1403 66 Pnomcoutm-
1423 15 1596 65 Tum
1620 22 1656 63 1.
1671 0 1744 64 ΒΕ
1780 13 2076 72 ensem

173 200 517 255 risdictione
556 198 776 267 agitur,
808 198 1187 253 continentur
1225 200 1512 270 quotquot
1541 198 1790 268 praediti
1834 200 1972 254 sunt
2000 183 2460 270 jurisdictione

173 288 487 359 episcopali
520 285 661 360 (39);
694 302 899 354 verum
928 287 1168 357 quinam
1200 287 1275 350 hi,
1307 302 1421 342 non
1464 291 1555 343 est
1597 287 1941 358 expeditum
1969 287 2133 344 satie.
2162 286 2250 345 Ea
2285 301 2425 347 con·

173 377 352 433 tineri
380 376 718 431 cardinales
746 376 796 431 S.
823 377 887 431 R.
910 374 974 431 E.
1001 377 1057 431 in
1083 376 1281 431 Titulo
1310 391 1603 447 quemque
1627 392 1753 440 suo,
1775 378 1881 432 sed
1908 376 2066 434 circa
2089 393 2160 434 ea
2185 381 2424 436 tantum

171 482 323 537 quae
363 466 436 520 ad
477 465 843 534 disciplinam
885 466 1348 521 ecclesiasticam
1398 469 1457 521 et
1511 481 1732 520 morum
1774 467 2201 523 correctionem
2244 466 2426 538 perti·

2227 30 2327 60 ῑ-0”.’
2370 38 2436 57 ᾗ.)

2247 55 2323 71 .,,Ι
2343 54 2430 95 ,ὅ
2453 77 2460 84 α

249 112 340 168 95.
370 112 545 165 Porro
581 109 995 180 Episcoporum
1034 108 1452 181 appellatione,
1473 124 1607 165 cum
1649 109 1708 164 in
1741 110 1879 180 jure
1925 79 2208 169 canonico
2233 87 2353 169 de
2326 111 2447 183 ,ιω-
2482 123 2486 135 ·

2443 150 2531 195 ..σγ

175 557 319 609 nent
345 554 489 625 (40);
521 568 629 608 nec
660 569 771 608 non
803 554 1062 609 Vicarios
1098 555 1472 625 capitulares,
1504 559 1564 610 et
1588 554 1849 611 Abbates
1877 573 1990 610 vere
2028 558 2238 611 nullius
2266 557 2428 614 diae-
2487 563 2491 567 '

175 643 328 699 cesis
354 641 486 716 (41),
520 642 831 698 indubitati
861 644 1014 714 juris
1044 647 1149 699 est.
1182 646 1387 699 Utrum
1429 660 1500 699 ea
1542 644 1959 700 contineantur
1986 645 2327 710 Generales,
2359 648 2423 703 et

171 732 571 789 Provinciales
598 733 893 796 Ordinum,
926 749 1037 788 non
1081 735 1226 789 satis
1254 734 1560 797 convenit;
1589 733 1889 789 sententia
1929 735 2286 790 communior
2323 748 2427 791 ne·

172 826 297 893 gat,
338 837 410 879 eo
450 823 603 894 quod
650 824 798 878 alias
843 824 917 878 ad
964 823 1385 878 absolvendum
1427 825 1500 877 ab
1552 822 2162 878 excommunicatione
2209 826 2426 879 canoni-5

174 927 290 967 non
332 913 727 981 indiguissent
772 912 1083 981 privilegio
1130 928 1166 967 a
1208 910 1267 966 S.
1313 913 1412 966 Pio
1452 913 1502 966 V
1544 912 1629 967 eis
1673 926 1981 968 concesso:
2027 913 2218 968 minus
2258 928 2424 969 com-

171 1002 366 1058 munis
392 1002 645 1057 affirmat
674 1017 748 1056 ex
782 999 843 1055 C.
866 1003 917 1065 3,
943 1004 1020 1055 De
1060 1004 1247 1055 Privil.
1275 1002 1332 1056 in
1371 1002 1444 1064 6⁰,
1481 1004 1542 1056 et
1573 1005 1662 1056 est
1696 1002 2008 1072 probabilis
2035 1002 2167 1072 (42).
2192 1002 2268 1057 At
2298 1016 2423 1073 pro—

174 1091 326 1148 fecto
353 1107 425 1148 ea
451 1091 847 1162 appellatione
879 1106 989 1145 non
1031 1092 1411 1147 continentur
1438 1092 1669 1162 quando
1701 1090 2039 1161 jurisdictio
2078 1091 2426 1148 conceditur

174 1182 510 1238 exercenda
547 1181 605 1235 in
649 1181 881 1251 propria
920 1180 1196 1245 diaecesi,
1229 1183 1289 1235 ut
1321 1179 1474 1235 Trid.
1507 1181 1719 1244 XXIV,
1760 1182 1827 1235 R.
1858 1182 1930 1245 6.,
1961 1181 2057 1237 vel
2100 1181 2160 1236 in
2191 1181 2425 1252 proprio

174 1270 487 1334 territoriO,
517 1270 731 1340 quippe
764 1270 924 1325 nulla
952 1270 1037 1325 eis
1066 1270 1369 1333 diaecesiS,
1395 1270 1754 1325 territorium
1787 1270 2014 1325 nullum
2049 1273 2163 1326 est:
2194 1273 2257 1326 et
2280 1270 2364 1327 ita
2389 1287 2430 1327 a

173 1360 227 1415 S.
260 1357 318 1412 C.
359 1357 418 1413 C.
459 1358 822 1413 declaratum
854 1359 1032 1413 fuisse
1064 1361 1358 1414 testantur
1385 1360 1638 1413 Barbosa
1667 1361 1745 1412 De
1772 1362 1960 1414 Potest.
1990 1360 2161 1430 Episo.
2192 1358 2323 1416 Par.
2354 1358 2424 1424 ΙῙ,

171 1449 263 1511 39,
306 1445 396 1511 18;
440 1451 500 1503 et
526 1447 851 1502 Gallemart
891 1449 964 1502 ad
1006 1446 1138 1518 Cap.
1170 1449 1264 1503 VI.
1295 1449 1442 1503 Sess,
1476 1447 1689 1502 XXIV.
1719 1447 1888 1511 Conc,
1919 1448 2267 1504 Tridentini.

249 1539 339 1594 96.
360 1539 430 1592 Et
459 1536 568 1607 ipsi
598 1551 849 1607 quoque,
872 1539 1109 1606 praeter
1137 1539 1425 1600 senatum,
1456 1537 1768 1592 canonicos
1798 1551 2008 1608 nempe
2050 1535 2426 1595 Cathedralis

172 1627 482 1690 ecclesiae,
525 1642 660 1681 suos
704 1627 926 1681 habent
967 1626 1233 1681 Vicarios
1275 1627 1607 1695 generales,
1652 1630 1713 1680 et
1756 1627 2051 1695 parochos.
2100 1627 2225 1683 Vic.
2261 1642 2419 1697 gen..

177 1718 237 1771 in
267 1716 357 1771 his
386 1731 538 1785 quae
570 1715 999 1785 jurisdictionis
1040 1718 1195 1779 sunt,
1228 1715 1497 1784 fungitur
1539 1715 1668 1769 vice
1710 1714 1981 1787 Episcopi
2010 1716 2141 1789 (43),
2174 1717 2422 1788 ejusque

176 1807 366 1862 utitur
386 1805 798 1875 jurisdictione
836 1804 964 1876 (44).
999 1806 1286 1874 Amplius;
1317 1821 1436 1859 una
1465 1805 1788 1875 eademque
1820 1808 1910 1860 est
1941 1806 2250 1878 utriusque
2290 1822 2422 1878 per-

172 1911 334 1958 sona,
365 1911 546 1950 unum
592 1896 897 1965 utriusque
942 1895 1199 1950 tribunal
1230 1893 1364 1965 (45).
1398 1894 1788 1950 Nihilominus
1829 1895 1953 1950 Vic.
1990 1896 2295 1966 generalis
2325 1897 2422 1966 ju·

173 1985 574 2040 risdictionem
618 1984 913 2053 effuqunt
959 1984 1010 2039 1⁰
1058 1985 1307 2053 negocia
1354 1984 1823 2039 extraordinaria
1866 1984 2010 2057 (46);
2051 1982 2112 2040 2υ
2152 2001 2224 2042 ea
2265 2001 2420 2056 quae

173 2074 492 2145 Episcopus
522 2089 635 2128 non
666 2074 836 2129 facile
867 2074 1265 2143 praesumitur
1293 2087 1695 2136 concessurus,
1728 2074 1839 2129 nisi
1864 2074 2011 2131 forte
2038 2075 2194 2142 absit
2222 2075 2423 2144 longe,

234 2340 291 2385 39
326 2339 466 2386 Suar.
493 2340 569 2387 De
595 2338 807 2386 Censur.
837 2337 944 2393 VII,
973 2338 1017 2393 3,
1046 2338 1099 2382 12
1126 2340 1241 2391 etc.;

175 2409 226 2457 S.
247 2409 396 2469 Alph.
421 2409 495 2462 VI,
518 2410 622 2463 593,
647 2409 763 2469 ibiq.
789 2409 1014 2467 Fagnan.

232 2481 290 2525 40
307 2482 358 2528 C.
382 2482 424 2525 ll
453 2482 526 2526 De
543 2482 768 2525 Maior-it.
797 2485 844 2528 et
863 2482 1000 2526 obed.
1025 2479 1127 2526 Inn.
1148 2482 1243 2528 XII.

170 2550 224 2601 C.
245 2551 391 2597 Rom.
416 2551 682 2608 Pontifex.

230 2625 284 2668 41
321 2622 503 2668 Bened.
540 2622 662 2667 XIV.
698 2622 751 2669 C.
776 2624 1096 2679 Apostolicae
1134 2625 1243 2670 Ser-

174 2698 378 2751 vitutis,
399 2699 450 2741 et
473 2696 526 2743 C.
554 2697 700 2742 Inter
722 2697 904 2741 multa.
931 2695 1072 2742 Suar.
1097 2710 1143 2742 n.
1175 2696 1241 2742 15.

231 2767 291 2811 42
323 2766 382 2810 V.
414 2766 620 2812 Salmat.
661 2767 727 2820 10,
760 2766 802 2820 2,
837 2766 920 2820 72;
964 2767 1115 2815 Croix
1152 2766 1244 2819 VH,

178 2839 273 2883 141.
297 2837 345 2883 S.
371 2836 520 2896 Alph.
546 2836 640 2891 VII,
670 2837 768 2892 100,
797 2837 896 2890 101,
926 2838 1022 2883 107.

230 2909 289 2953 43
321 2910 372 2956 C.
406 2909 434 2952 3
458 2909 533 2956 De
555 2910 743 2965 Appen.
780 2908 832 2955 in
864 2908 931 2954 6⁰.
966 2907 1135 2956 Sbroz.
1171 2910 1246 2957 De

181 2981 278 3025 Vic.
298 2981 462 3036 Episc.
487 2978 594 3025 Lib.
614 2979 645 3032 I,
664 2979 718 3036 Q.
743 2981 815 3026 23.
837 2979 954 3026 Ideo
974 2981 1173 3040 quoties
1191 2981 1244 3026 in

164 3051 279 3108 jure
303 3050 495 3110 aliquid
523 3051 815 3097 conceditur
849 3051 1115 3112 Episcopo,
1142 3052 1243 3097 nisi

173 3119 390 3166 addatur
426 3126 645 3175 tantum,
673 3120 873 3168 Vicario
907 3135 1106 3182 quoque
1133 3121 1243 3167 eius

170 3203 468 3237 concessum
482 3192 786 3251 intelligitur
805 3192 989 3249 (Sbroz.
1003 3193 1055 3249 11,
1067 3191 1243 3248 43,29).

231 3262 292 3306 44
323 3262 418 3310 Cit.
453 3263 504 3309 C.
541 3264 583 3309 3.
617 3262 715 3309 Sed
756 3265 903 3323 quasi
946 3264 1153 3324 propria
1194 3265 1245 3309 et

171 3331 443 3386 ordinaria,
477 3333 665 3392 quippe
698 3339 776 3379 est
810 3349 838 3380 a
866 3336 979 3394 J'ure
1012 3338 1095 3393 (ex
1129 3334 1183 3383 C.
1216 3334 1247 3378 2

172 3404 248 3452 De
275 3405 372 3450 Vic.
396 3404 449 3449 in
471 3405 534 3448 60.
560 3403 726 3451 Sbroz.
746 3404 807 3461 11,
824 3408 896 3458 55,
919 3408 972 3463 9;
1000 3409 1050 3452 et
1072 3408 1242 3466 potest

170 3475 330 3521 alium
357 3474 615 3521 Vicarium
648 3475 959 3522 substituere
996 3477 1074 3533 (V.
1108 3482 1137 3532 5
1166 3476 1241 3532 70,

175 3548 263 3602 16),
308 3547 353 3592 si
385 3546 668 3606 Episcopus
703 3547 832 3592 hanc
868 3549 912 3592 ei
946 3548 1244 3594 facultatem

170 3617 366 3664 dederit
400 3617 588 3675 (Sbroz.
618 3617 679 3673 ΙΙ,
711 3618 786 3672 66,
815 3619 851 3664 l.
877 3618 948 3664 De
972 3618 1097 3665 Iust.
1121 3619 1158 3674 I,
1185 3617 1241 3673 V,

169 3691 247 3738 84.
278 3688 461 3738 Sanch.
487 3689 552 3737 M.
575 3689 689 3749 Vm,
723 3690 798 3748 27,
830 3692 924 3749 41).

1408 2340 1468 2384 45
1498 2339 1552 2387 C.
1585 2339 1614 2382 2
1636 2339 1712 2386 De
1750 2339 1983 2386 Consuet.
2014 2340 2065 2384 in
2098 2336 2148 2384 6⁰
2179 2339 2265 2386 cit.
2296 2339 2350 2390 C.
2372 2341 2413 2387 3.

1347 2411 1514 2455 Etiam
1538 2411 1589 2456 in
1608 2410 1711 2456 foro
1732 2411 1927 2456 interno
1946 2409 2014 2467 (S.
2028 2409 2179 2470 Alph.
2194 2409 2270 2466 Vl,
2286 2410 2410 2467 558).

1347 2483 1412 2527 Et
1443 2483 1488 2527 si
1522 2483 1805 2541 Episcopus
1838 2482 2010 2541 plures
2036 2479 2134 2526 sibi
2158 2479 2266 2528 Vic.
2290 2480 2425 2528 Gen.-

1347 2554 1681 2607 constituerit,
1715 2554 1815 2599 nisi
1851 2564 1985 2598 unus
2017 2564 2192 2597 eorum
2223 2551 2421 2611 princi-

1347 2624 1508 2684 palior
1535 2626 1618 2679 sit,
1643 2623 1721 2670 vel
1744 2624 1845 2669 nisi
1870 2636 1955 2669 eos
1983 2621 2305 2669 constituerit
2337 2622 2418 2670 di·

1347 2697 1475 2743 visis
1497 2695 1735 2755 negociis,
1764 2694 1841 2740 vel
1865 2693 2149 2748 territoriis,
2171 2705 2347 2740 omnes
2365 2693 2420 2741 in

1347 2768 1568 2814 solidum
1603 2769 1763 2826 agunt
1789 2765 1976 2823 (Sbroz.
1996 2764 2046 2819 11,
2071 2764 2145 2819 62,
2169 2763 2247 2819 3);
2269 2763 2422 2824 quasi

1346 2838 1520 2898 plures
1545 2836 1847 2883 mandatarii
1882 2835 1956 2893 (L.
1977 2836 2051 2891 60,
2077 2839 2108 2890 ἓ
2139 2834 2183 2880 2.
2202 2834 2423 2891 Marad).

1346 2908 1705 2964 NihilominuS,
1728 2908 1773 2954 si
1799 2920 1932 2953 unus
1955 2905 2224 2965 negocium
2246 2916 2421 2966 gerere

1346 2981 1581 3040 coeperit,
1616 2979 1702 3026 alii
1735 2991 1834 3024 non
1861 2979 2100 3036 poterunt
2121 2989 2175 3022 se
2200 2975 2418 3023 ulterius

1346 3051 1686 3097 intromittere
1707 3048 1778 3106 (L.
1804 3048 1864 3092 32
1886 3049 1962 3094 De
1981 3049 2294 3101 Procurat.);
2317 3045 2421 3092 nisi
2502 3039 2506 3042 ’

1345 3122 1471 3168 forte
1494 3121 1579 3168 ille
1602 3123 1778 3181 postea
1802 3120 2033 3178 nequeat,
2058 3119 2148 3162 aut
2178 3115 2308 3163 nolit
2328 3129 2416 3163 ne-

1346 3194 1549 3253 gocium
1577 3190 1786 3251 implere
1819 3190 1894 3239 (C.
1918 3191 1946 3235 8
1970 3189 2046 3235 De
2075 3189 2127 3235 Ο.
2150 3187 2214 3237 D.
2243 3186 2298 3233 in
2329 3187 2415 3244 6⁰).

1347 3263 1560 3322 Quando
1584 3266 1754 3309 autem
1780 3275 1881 3308 una
1904 3259 2180 3318 eademque
2201 3258 2280 3304 est
2300 3256 2421 3316 Epi-

1347 3335 1490 3395 scopi
1508 3337 1558 3380 et
1581 3332 1767 3380 Vicarii
1790 3343 2020 3391 persona,
2042 3342 2141 3376 non
2165 3327 2316 3374 datur
2334 3339 2418 3386 ap-

1348 3406 1552 3466 pellatio
1571 3419 1600 3451 a
1619 3404 1726 3451 Vic.
1746 3403 1810 3450 ad
1828 3402 2136 3461 Episcopum
2156 3399 2269 3457 (Cit.
2285 3397 2338 3447 G.
2359 3397 2422 3450 2).

1406 3478 1464 3523 46
1496 3477 1615 3524 Ben.
1652 3474 1784 3522 XIV.
1805 3476 1880 3522 De
1905 3473 2106 3530 Synodo
2137 3470 2190 3527 11,
2223 3469 2269 3525 8,
2288 3467 2333 3516 2.
2353 3467 2426 3513 Et

1346 3550 1400 3595 in
1433 3547 1611 3609 primis
1645 3559 1773 3606 quae
1806 3543 2165 3591 alienationem
2207 3537 2419 3600 sapiunt

1349 3621 1445 3679 (Ex
1478 3622 1528 3667 C.
1563 3618 1650 3664 ult.
1674 3619 1747 3666 De
1776 3617 1827 3663 Ο.
1870 3617 1918 3661 V.
1943 3614 1997 3660 in
2022 3614 2107 3671 6⁰).
