2548 4042
887 266 1445 340 TRACTATUS
1493 269 1619 339 VI.

640 431 750 484 nn
806 430 1159 486 pomus
1219 433 1327 486 ΕΤ
1384 430 1878 489 cnusums.

999 800 1419 871 TITULUS
1465 802 1518 870 Ι.

1083 968 1157 1013 DE
1212 964 1431 1015 Pol-:MS

210 1151 336 1206 295.
362 1151 643 1205 Actiones
662 1151 957 1204 humanae
980 1164 1133 1219 quae
1161 1165 1198 1204 a
1227 1150 1363 1218 lege
1385 1150 1668 1205 deerrant
1697 1151 1932 1220 quando
1955 1149 2376 1220 rempublicam

135 1241 498 1313 perturbant,
520 1242 762 1305 crimina,
782 1254 887 1293 seu
915 1241 1123 1304 delicta,
1147 1240 1372 1309 proprio
1404 1241 1638 1295 nomine
1668 1241 1782 1295 dici
1813 1242 2007 1295 solent
2031 1238 2132 1313 (l).
2156 1240 2381 1296 Delicta

134 1333 484 1386 coercentur
512 1330 726 1398 poeni-33
768 1328 1042 1398 quocirca
1081 1330 1153 1383 de
1195 1329 1447 1392 delictis,
1489 1331 1550 1385 et
1592 1330 1665 1384 de
1710 1330 1913 1399 poenis
1955 1346 2142 1394 nunc;
2175 1329 2378 1399 paucis
2534 1330 2548 1389 ἓ

134 1421 197 1475 et
234 1418 442 1480 obiter,
493 1433 595 1486 pro
634 1432 698 1471 re
741 1420 958 1471 nostra.
998 1418 1161 1480 Quae
1214 1419 1342 1473 heic
1383 1419 1597 1474 dicturi
1642 1435 1844 1475 sumus
1892 1421 2197 1490 pertinent
2243 1435 2376 1475 cum

134 1507 336 1578 primis
362 1507 434 1561 ad
468 1520 683 1574 poenas
711 1506 1026 1560 canonicas
1056 1507 1214 1561 latae
1245 1510 1598 1571 sententiae,
1629 1512 1690 1564 et
1718 1508 1974 1564 maxime
1994 1510 2068 1564 ad
2097 1523 2379 1565 censuras

134 1600 197 1654 et
238 1596 715 1666 irregularitates
752 1594 849 1664 (ex
883 1596 1123 1667 delicto)
1166 1598 1341 1665 probe
1383 1598 1729 1660 noscendas,
1772 1601 1835 1652 et
1877 1598 1938 1651 in
1980 1598 2102 1652 foro
2145 1596 2380 1653 interno

134 1686 516 1757 applicandas
573 1676 895 1754 pertinent:
945 1686 1100 1756 quod
1154 1689 1295 1741 ante
1350 1687 1545 1740 omnia
1598 1687 1777 1741 velim
1830 1686 2253 1741 animadverti.·
2297 1686 2379 1742 De

133 1763 532 1847 poenis'quae
575 1776 798 1842 irrogat
828 1777 929 1844 jus
970 1775 1148 1829 civile
1191 1775 1451 1830 viderint
1491 1778 1537 1831 J.
1576 1774 1668 1839 C.;
1711 1777 1784 1830 de
1826 1776 2031 1845 poenis
2079 1774 2380 1830 canonicis
2511 1785 2548 1879 Αἰ

133 1866 412 1922 serendae
443 1865 776 1920 sententiae
818 1865 1078 1919 viderint
1108 1865 1343 1934 judices
1384 1865 1794 1920 ecclesiastici.
1839 1866 2226 1920 Recentiores
2263 1865 2384 1919 Mo·
2524 1882 2548 1915 a

134 1955 379 2011 ralistae
428 1956 571 2009 haec
617 1954 926 2022 attingunt
970 1954 1070 2008 vix
1118 1954 1361 2008 summis
1407 1954 1642 2022 digitis:
1677 1955 1854 2009 liceat
1889 1953 2031 2008 mibi
2075 1970 2148 2009 ea
2188 1953 2386 2024 paullo

136 2044 317 2100 latius
360 2044 657 2114 prosequi;
702 2059 837 2098 nam
876 2045 1080 2098 nostra
1122 2048 1276 2107 sunt,
1306 2048 1367 2097 et
1407 2045 1561 2098 scitu
1591 2044 1844 2099 maxime
1875 2044 2229 2100 necessaria.

2519 2288 2522 2289 ’
2518 2244 2530 2250 ’“
2507 2104 2548 2229 32:215*
2541 2075 2548 2082 .
2530 2016 2548 2036 ι·
2518 1918 2548 1990 μὶ*
2526 1849 2531 1854 “

969 2254 1119 2309 ART.
1150 2255 1190 2307 Ι.
1211 2256 1290 2307 De
1316 2252 1551 2308 Deliacis.

212 2403 338 2457 296.
381 2401 670 2456 Delictum
720 2405 840 2456 est:
884 2406 1123 2456 Externa
1172 2406 1296 2471 leqis
1342 2406 1574 2477 poenalis
1632 2407 1839 2457 violatio
1880 2406 1992 2457 dolo
2031 2407 2168 2458 malo
2203 2406 2378 2470 sacta.

134 2490 413 2546 Consistit
456 2491 643 2560 igitur
671 2507 746 2546 ex
786 2494 1054 2545 violatione
1097 2493 1249 2561 legis
1294 2494 1585 2562 poenalis:
1634 2495 1833 2562 legem
1877 2495 2181 2563 poenalem
2222 2493 2386 2548 acci-

137 2581 327 2650 pimus
354 2596 506 2650 quae
538 2581 656 2634 lata
699 2585 787 2634 est
831 2582 1135 2635 maleficiis
1178 2583 1548 2645 coercendis;
1598 2583 1850 2653 ideoque
1893 2599 2006 2637 non
2051 2583 2382 2638 naturalem
2511 2620 2548 2664 *³

134 2684 246 2724 nec
287 2668 564 2730 divinam,
595 2670 699 2723 sed
735 2672 1046 2723 humanam
1078 2673 1326 2725 tantum.
1357 2672 1552 2734 Quare
1599 2674 1706 2727 hoc
1739 2674 1877 2742 jure
1920 2674 2159 2736 utimur,
2189 2687 2385 2743 neque
2518 2664 2548 2726 ²2⁴!

120 2758 291 2828 ‘legis
322 2758 627 2820 naturalis,
661 2773 855 2829 neque
885 2760 1123 2814 divinae
1154 2761 1531 2815 violationem
1563 2762 1844 2816 delictum
1877 2762 2069 2817 facere
2094 2761 2384 2832 (quamvis
2524 2777 2548 2828 g

138 2850 446 2918 peccatum
501 2848 752 2919 faciant),
805 2849 908 2902 sed
956 2852 1192 2902 tantum
1240 2851 1552 2912 humanae,
1597 2865 1704 2904 seu
1758 2852 2104 2914 canonicae,
2151 2865 2260 2905 seu
2305 2850 2384 2904 ci·
2512 2899 2538 2908 N.

138 2938 273 2991 vilis
302 2938 399 3009 (2).
433 2938 551 2991 Nec
579 2938 896 3007 quuslibet
922 2935 1076 3007 (quis
1107 2938 1265 2992 enim
1295 2938 1510 2992 dixerit
1539 2939 1887 3009 delinquere
1911 2955 2045 2993 eum
2075 2938 2194 3008 qui,
2228 2954 2284 2991 v.
2315 2954 2385 2999 ο..

136 3042 249 3081 non
281 3028 505 3095 exjure
537 3031 809 3091 testatur,
833 3028 1143 3089 contrahit,
1165 3027 1391 3096 judicio
1423 3028 1798 3097 experitur-2),
1830 3030 1930 3082 sed
1957 3030 2192 3096 poenalis
2219 3028 2386 3082 dum-

138 3120 322 3171 taxat.
367 3117 542 3170 Porro
589 3117 828 3170 violatio
877 3116 1030 3184 legis
1070 3117 1197 3171 sine
1250 3117 1388 3184 lege
1438 3131 1511 3170 ne
1560 3117 1817 3185 intelligi
1870 3119 2109 3188 quidem
2163 3118 2382 3186 potest;

206 3306 224 3349 l
262 3304 322 3351 V.
343 3309 372 3358 ἓ
399 3306 479 3349 271
511 3321 580 3365 pr.
606 3309 882 3363 Delictum,
903 3308 1207 3354 vocabulum
1320 3309 1528 3354 Cen-rur.
1552 3309 1694 3368 Disp.
1730 3309 1766 3363 I,
1798 3310 1949 3365 Quae.
1976 3310 2019 3364 2,
2043 3309 2168 3355 Pun.
2194 3308 2231 3362 1,
2254 3323 2301 3356 n.
2327 3312 2388 3363 7;

140 3375 392 3436 uaujuris
413 3376 749 3435 frequentius:
777 3382 993 3432 crimen,
1023 3381 1210 3438 aptius,
1317 3379 1363 3425 S.
1398 3379 1550 3439 Alph.
1582 3379 1687 3432 VII,
1722 3381 1793 3434 43,
1829 3383 1900 3425 44.
1950 3381 2083 3429 Quia
2125 3393 2245 3426 eum
2292 3381 2382 3426 lew

141 3448 291 3507 qnasi
325 3448 643 3492 accusatione
678 3453 727 3493 et
760 3449 1082 3495 damnatione
1128 3450 1207 3494 di·
1318 3452 1666 3497 ecclesiastica
1700 3453 1926 3508 imponit
1956 3463 2182 3508 poenam
2228 3463 2388 3508 super
2541 3481 2548 3498 ι

141 3530 301 3576 gnum
335 3517 407 3568 (C.
439 3517 476 3568 l,
501 3515 629 3562 Dist.
661 3519 752 3571 81).
784 3519 942 3565 Omne
967 3520 1210 3565 delictum
1316 3523 1536 3567 crimine
1566 3534 1599 3565 α
1636 3522 1743 3578 Ζερε
1772 3523 1957 3567 divina
1988 3523 2160 3575 vetito,
2187 3532 2377 3567 novum
2524 3554 2548 3582 ³

140 3588 302 3644 igitur
333 3593 595 3646 peccatum
631 3590 726 3641 est,
748 3589 836 3633 sed
870 3603 970 3635 non
1002 3595 1190 3635 contra.
1306 3592 1397 3648 y'us
1425 3594 1610 3637 condit
1637 3591 1708 3637 (S.
1732 3591 1882 3651 Alph.
1916 3605 1962 3638 n.
1999 3591 2121 3645 350).
2536 3583 2548 3611 ·²

202 3655 234 3699 2
266 3657 342 3701 Ex
384 3657 437 3705 C.
477 3657 522 3711 2,
566 3656 696 3703 nist.
730 3659 803 3705 82.
840 3659 1095 3706 Bonacina
1140 3663 1214 3708 De
