2548 4042
44 35 46 39 ’
130 18 232 76 264
444 72 449 78 ,
549 34 673 74 vaus
709 34 863 73 rma
883 45 909 58 -
930 26 1344 75 νκοιιοοιιιω-
1362 19 1537 78 rucr-
1559 31 1609 75 v.
1631 30 1702 78 nn
1687 0 2013 87 omnini
1982 0 2019 9 “
2012 0 2142 57 ²²⁵³
2142 0 2245 99 'Q‘

131 120 199 175 In
242 120 332 175 his
360 132 512 190 quae
552 120 692 173 sunt
730 115 884 172 mala
914 117 1052 187 jnre
1092 115 1347 173 naturali
1389 116 1675 195 absoluto,
1705 104 1978 175 intererit
2010 120 2226 176 utrum
2222 76 2297 191 Q
2535 140 2540 145 ’

133 212 278 264 haec
305 206 603 263 desideret
633 205 920 261 desiderio
949 205 1190 269 efficaci,
1220 220 1295 260 an
1327 205 1641 263 inefficaci:
1675 205 1724 263 si
1755 205 2019 277 primum,
2052 208 2246 280 palam
2276 211 2377 268 est
2383 187 2518 275 'ig-y-

131 311 243 350 non
285 295 555 351 excusari
601 296 663 350 et
703 310 874 350 nemo
900 295 1156 350 dubitat:
1199 295 1289 350 sin
1317 294 1588 358 alterum,
1619 310 1731 350 non
1773 296 1919 353 satis
1959 298 2268 364 convenit;
2306 298 2398 358 in
2426 308 2431 313 '

129 384 444 440 inultorum
486 384 803 446 sententia,
844 399 1019 454 quam
1061 384 1113 439 S.
1146 384 1314 453 Alph.
1344 383 1701 454 probabilem
1735 387 1920 456 putat,
1950 390 2172 443 remoto
2214 384 2393 457 peri-³

130 474 265 529 culo
293 474 569 529 desiderii
601 473 873 535 efficacis,
903 476 1067 529 caret
1097 473 1285 528 letali:
1320 487 1434 527 uon
1478 474 1633 528 enim
1679 474 1975 531 desiderat
2000 474 2235 549 (ajunt),
2263 477 2364 534 sed
2464 511 2474 529 ›.
2517 425 2548 527 3

129 563 318 632 magis
362 564 566 633 prodit,
608 562 881 626 ostendit,
912 563 1052 633 quid
1094 563 1275 618 vellet
1321 564 1379 616 in
1420 561 1539 617 alia
1579 562 1913 619 conditione
1942 579 2137 620 rerum
2171 563 2308 639 (18).
2521 567 2548 597 '¹

203 653 330 708 276.
371 655 649 707 Delectatio
690 656 778 708 est
819 651 1244 722 complacentia
1285 651 1537 722 alicujus
1579 652 1663 707 rei
1706 652 1834 708 sine
1878 653 2038 709 illius
2078 654 2370 711 desiderio

127 740 184 811 (ἓ
224 738 346 802 136,
388 743 495 811 25).
527 742 724 797 Potest
766 757 895 797 esse
942 742 1029 797 vel
1077 741 1133 795 in
1176 740 1462 811 appetitu,
1504 741 1597 796 vel
1644 741 1702 795 in
1746 742 1974 797 ratione
2018 743 2146 813 (19).
2189 745 2368 800 Porro

129 834 252 885 talis
290 839 365 885 est
403 834 662 885 delectatio
701 834 851 901 quale
881 839 956 885 est
995 833 1107 898 ejus
1155 844 1467 885 mimorum
1509 828 1640 901 (20),
1683 846 1867 901 quare
1921 832 2238 888 delectatio
2277 834 2364 891 rei

130 920 320 976 malae
350 922 504 977 mala
533 925 624 976 est
650 920 792 990 (21);
817 936 921 976 seu
955 922 1097 975 haec
1126 920 1202 975 sit
1232 917 1386 974 mala
1415 921 1645 983 natura,
1678 936 1783 975 seu
1812 920 1949 989 lege
1978 917 2211 977 tantum
2230 921 2361 994 (22).

129 1010 277 1074 Quid
308 1011 356 1066 si
388 1026 482 1066 res
513 1008 666 1065 mala
710 1012 938 1080 patrata
980 1007 1157 1065 fuerit
1198 1009 1350 1064 citra
1389 1024 1618 1064 omnem
1662 1010 1910 1082 culpam,
1955 1013 2148 1066 utrum
2190 1011 2370 1068 liceat

132 1103 334 1172 postea
374 1116 447 1155 ea
487 1100 808 1155 delectari?
839 1101 909 1154 Et
938 1101 983 1153 si
1018 1101 1163 1154 haec
1191 1098 1390 1154 affecit
1418 1099 1676 1168 aliquem
1718 1099 1944 1163 (iamne,
1988 1099 2111 1155 sive
2154 1101 2372 1172 injusto

129 1191 256 1247 sive
289 1192 469 1260 just0‚
515 1190 773 1259 profecto
821 1205 935 1244 non
980 1189 1139 1253 licet;
1181 1188 1433 1243 alterum
1482 1188 1636 1242 enim
1676 1189 1931 1258 Justitia,
1979 1192 2230 1246 alterum
2277 1205 2368 1248 ca·

128 1280 275 1334 ritas
305 1282 470 1333 vetat
494 1276 635 1349 (23>;
668 1293 853 1339 secus,
889 1278 1124 1348 quidam
1168 1280 1377 1346 putant
1420 1293 1532 1331 non
1575 1293 1704 1333 esse
1748 1278 2036 1343 illicitum,
2078 1279 2218 1351 quia
2260 1294 2370 1336 nec

130 1369 394 1423 homines
435 1368 693 1430 offendit,
737 1382 846 1422 uec
875 1369 1071 1429 Deum,
1103 1370 1167 1420 ut
1197 1368 1359 1435 patet
1384 1363 1533 1437 (24);
1562 1366 1663 1421 alii
1695 1370 1915 1431 contra,
1946 1368 2084 1439 quia
2119 1384 2231 1424 non
2277 1385 2368 1426 ca-

131 1539 299 1578 trema
318 1533 570 1578 necessita
580 1536 625 1579 te
638 1546 653 1576 :
671 1544 820 1577 secus
838 1531 882 1576 si
903 1529 1052 1583 dicat,
1069 1528 1125 1574 V.
1145 1542 1201 1581 c.‚

131 1604 447 1657 moecharer,
465 1603 757 1653 ulciscerer,
770 1602 908 1656 nonj
914 1602 961 1657 ej
966 1612 1200 1653 unarem,

132 1674 240 1718 nisi
274 1685 433 1720 essem
467 1675 748 1719 sacerdos?
770 1673 835 1717 Et-
866 1672 1201 1717 nihilominus

135 1745 255 1789 haec
278 1756 478 1803 quoque
513 1747 837 1794 excusantur,
860 1744 903 1788 si
931 1743 1067 1789 dicta
1090 1743 1197 1788 fue-

133 1815 237 1861 rint
261 1817 619 1861 enunciative:
640 1828 683 1859 v.
703 1829 759 1867 c.‚
778 1818 983 1873 accepta
1003 1815 1202 1874 inJuria,

124 1888 340 1942 juniori
369 1887 526 1931 illata
549 1899 651 1931 non
673 1886 864 1943 fuisset
889 1888 1113 1943 impune,
1136 1885 1203 1930 si·

131 1957 396 2017 gnificans,
422 1971 518 2003 non
546 1956 669 2016 quid
704 1956 858 2002 velles
894 1969 1027 2002 nunc
1051 1958 1093 2001 si
1122 1956 1199 2015 ju-

134 2027 247 2074 nior
269 2041 425 2080 esses,
448 2027 536 2072 sed
563 2027 696 2087 quod
721 2027 844 2071 forte
863 2027 1034 2086 J‘unior
1057 2026 1199 2072 fecis·

135 2111 219 2145 868
245 2098 446 2151 (Sanch.
473 2099 527 2142 D.
554 2098 590 2146 Ι.
615 2099 658 2149 2,
682 2098 778 2155 29).

197 2171 247 2214 18
270 2169 321 2216 S.
340 2169 488 2228 Alph.
509 2169 566 2218 V.
591 2170 658 2224 13,
688 2183 730 2213 v.
761 2170 1055 2219 Quaeritur.
1079 2168 1136 2212 V.
1162 2183 1185 2213 6

135 2242 422 2295 fornicarer,
449 2241 704 2295 mentirer,
729 2239 1009 2290 ulciscerer,
1035 2240 1078 2285 si
1104 2253 1200 2284 non

129 2316 267 2358 esset
301 2317 580 2370 peccatum.
611 2312 759 2357 Porro
785 2311 1095 2357 desiderium
1130 2313 1202 2355 in-

132 2382 306 2428 efficax
343 2382 425 2428 hic
455 2383 681 2441 accipere
710 2382 964 2434 debemus,
996 2396 1094 2427 non
1128 2395 1205 2426 so-

135 2453 241 2498 lum
262 2452 397 2510 quod
420 2457 557 2498 caret
577 2452 837 2499 voluntate
857 2452 1091 2508 faciendi,
1113 2452 1202 2497 sed

133 2522 270 2584 quod
301 2524 437 2568 omni
472 2522 734 2568 affectione
769 2524 941 2574 animi,
976 2529 1025 2568 et
1063 2537 1198 2569 com-

135 2595 353 2639 motione
395 2595 652 2652 appetitus
690 2597 838 2639 caret.
875 2594 1124 2653 Amplius,
1159 2595 1202 2638 si

134 2677 231 2718 res,
263 2667 338 2710 sic
370 2666 447 2708 uti
481 2666 690 2717 accidit,
721 2677 818 2708 non
856 2666 923 2709 sit
962 2664 1108 2717 mala,
1142 2678 1206 2708 ne

137 2735 467 2782 materialiter
497 2735 718 2796 quidem,
747 2748 838 2781 nec.
863 2735 1006 2779 alteri
1040 2735 1204 2786 noxia,

134 2821 246 2852 eam
280 2806 566 2852 desiderare
600 2820 698 2851 non
732 2811 810 2851 est
843 2819 930 2864 per
962 2819 1014 2850 se
1050 2805 1200 2851 illici·

136 2884 274 2933 tum;
303 2878 539 2937 quamvis
573 2879 713 2922 alias
757 2879 891 2922 esset
930 2876 1202 2921 intrinsece

139 2947 291 2998 mala:
317 2962 359 2992 v.
381 2962 419 2994 6.
441 2948 784 3007 pollutionem,
805 2948 1000 3006 quaein
1026 2960 1202 2992 somno

138 3019 441 3064 naturaliter
474 3020 642 3094 evenit
675 3018 875 3076 (Sanch.
904 3017 962 3063 D.
988 3017 1086 3071 Ι,2,
1118 3018 1204 3074 19).

204 3089 256 3131 19
288 3089 345 3133 D.
370 3089 490 3135 Tho
524 3093 557 3139 1,
603 3090 718 3142 ·,72,
743 3090 783 3134 2.
807 3090 945 3146 Quae
969 3090 1102 3134 inest
1128 3102 1199 3133 1··a

137 3160 273 3204 tione
309 3160 490 3204 melius
514 3160 700 3205 dicitur
718 3162 974 3218 ,qaudzum
1010 3158 1088 3216 (D.
1115 3158 1204 3204 Th

145 3234 181 3283 l,
200 3230 243 3281 2,
260 3229 334 3279 31,
353 3230 421 3274 3η
442 3243 748 3290 quamquam
771 3230 938 3276 Nostri
957 3230 1199 3289 gaudium

141 3300 514 3346 adelectatione
536 3303 857 3360 distinguant
875 3315 936 3346 ex
958 3306 1202 3360 tempore3

92 3420 95 3421 ⁷
137 3373 376 3418 docentes
397 3372 639 3430 gaudium
666 3386 775 3417 esse
799 3373 867 3417 rei
887 3374 1203 3429 praesentes,

138 3441 523 3487 delectationem
576 3442 795 3497 futurae
849 3446 945 3487 aut
987 3446 1199 3498 praete-

139 3515 290 3559 ritae.

200 3584 259 3627 20
281 3582 462 3629 Sanch.
491 3584 542 3627 D.
573 3584 608 3634 l,
632 3583 674 3634 2,
702 3584 741 3624 8.
765 3583 965 3628 Scilicet
990 3582 1203 3628 delecta-

139 3655 276 3698 tione
309 3653 511 3698 dIIectio
546 3654 704 3706 inest;
738 3655 916 3697 nullus
955 3656 1088 3698 enim
1122 3657 1206 3698 de-

135 3725 362 3769 lectatur
395 3726 500 3768 nisi
523 3726 577 3768 in
612 3735 665 3768 eo
686 3725 819 3779 quod
848 3728 921 3768 est
941 3723 1206 3780 conforme

1304 1530 1558 1585 appetitui
1589 1529 1702 1584 ejus
1732 1528 1811 1584 (D.
1836 1528 1956 1575 Tho.
1985 1530 2021 1584 1,
2046 1530 2087 1586 2,
2120 1531 2192 1587 74,
2217 1533 2280 1587 8).
2307 1531 2374 1580 nt

1306 1602 1429 1644 talis
1461 1603 1676 1657 quisque
1716 1605 1792 1647 est
1822 1603 1998 1660 qualis
2032 1605 2109 1649 est
2139 1604 2255 1660 ejus
2284 1604 2369 1650 di-

1304 1673 1449 1717 lectio
1474 1670 1540 1723 (S.
1565 1674 1730 1731 Aug..)

1364 1743 1413 1786 21
1453 1741 1511 1789 D.
1546 1741 1666 1788 Tho.
1707 1745 1742 1793 1,
1783 1742 1826 1797 2,
1866 1743 1940 1799 74,
1973 1744 2001 1788 8
2046 1743 2115 1790 ad
2151 1746 2190 1790 4.
2225 1746 2376 1792 Facti

1304 1818 1429 1859 sunt
1459 1815 1832 1861 abominabiles
1863 1815 1999 1860 sicut
2027 1827 2089 1860 ea
2127 1827 2261 1873 quae
2291 1817 2368 1862 di·

1304 1887 1553 1931 texerunt
1573 1885 1754 1942 (Oseae
1777 1886 1819 1937 9,
1854 1885 1938 1943 10).
1961 1884 2254 1939 Delectatio,
2277 1886 2374 1933 sci·

1305 1956 1423 2002 licet
1456 1955 1759 2008 voluntaria,
1791 1969 1885 2001 seu
1913 1969 2116 2002 morosa
2151 1960 2373 2012 (morosa

1304 2027 1491 2072 dicitur
1545 2026 1607 2072 ob
1663 2028 2006 2072 necessarium
2066 2040 2370 2075 consensum

1304 2097 1600 2150 voluntatis,
1635 2101 1684 2140 et
1709 2111 1804 2142 non
1831 2096 1891 2142 ob
1918 2098 2257 2144 necessariam
2282 2097 2374 2145 ali·

1303 2170 1450 2228 cujus
1494 2169 1737 2228 temporis
1787 2180 1991 2215 moram.
2030 2167 2087 2213 D.
2126 2167 2216 2215 Th.
2259 2182 2302 2216 a.
2343 2171 2373 2214 6
2439 2159 2442 2164 ’

1305 2239 1364 2284 ad
1400 2240 1471 2296 3);
1503 2240 1624 2299 quia
1665 2253 1763 2284 non
1798 2239 2082 2291 delectatio,
2125 2238 2215 2286 sed
2247 2253 2370 2287 con-

1303 2323 1487 2355 sensus
1511 2312 1560 2355 in
1585 2309 1970 2356 delectationem
1996 2314 2259 2370 peccat-um
2290 2315 2371 2357 est

1305 2380 1382 2437 (D.
1405 2381 1524 2426 Tho.
1557 2395 1597 2425 a.
1626 2381 1692 2437 8).

1363 2452 1423 2494 22
1450 2454 1591 2496 Azor.
1617 2451 1699 2498 To.
1723 2451 1759 2505 Ι,
1787 2451 1890 2497 Lib.
1916 2450 1997 2504 IV,
2027 2450 2147 2510 Cap.
2173 2450 2254 2500 vl.
2279 2451 2369 2499 Ut-

1306 2525 1430 2581 puta
1447 2523 1625 2581 siquis
1646 2521 1923 2568 delectetur
1944 2522 2078 2581 quod
2100 2522 2366 2569 inimicum

1306 2593 1558 2647 occiderit,
1606 2594 1682 2638 vel
1718 2606 1893 2639 carnes
1927 2592 2008 2638 die
2051 2593 2259 2639 esuriali
2293 2605 2373 2640 co·

1308 2664 1541 2710 mederit:
1587 2666 1823 2723 quamvis
1867 2663 2136 2710 delectatio
2173 2663 2227 2709 in
2261 2662 2373 2711 sola

1306 2736 1499 2780 ratione
1545 2738 1698 2781 sistat
1743 2734 1812 2793 (S.
1847 2733 1995 2794 Alph.
2028 2747 2076 2779 n.
2115 2735 2215 2790 14);
2255 2747 2373 2781 nam

1306 2805 1423 2865 plus
1465 2818 1618 2865 quam
1665 2805 1985 2865 comprobare
2026 2817 2135 2850 eam
2180 2807 2260 2851 est
2295 2802 2373 2862 (V.

1307 2877 1334 2933 ς
1369 2875 1475 2930 274,
1513 2876 1596 2933 12).
1631 2877 1869 2923 Ceterum
1902 2875 1964 2920 de
1997 2875 2080 2920 his
2115 2873 2374 2927 delectari,

1306 2959 1436 3005 quae
1485 2946 1592 2991 sola
1624 2945 1732 3004 lege
1775 2945 2033 3004 (positiva)
2067 2947 2190 2990 sunt
2226 2943 2374 2998 mala,

1306 3016 1520 3069 seclusa,
1547 3016 1714 3061 animo
1740 3019 1790 3059 et
1812 3016 2134 3074 cogitatione,
2157 3012 2376 3075 prohibi-

1306 3089 1439 3132 tione
1465 3086 1606 3146 legis,
1643 3099 1740 3132 non
1764 3089 1843 3131 est
1875 3085 2136 3131 illicitum:
2169 3087 2225 3130 ut
2249 3086 2376 3145 puta

1306 3158 1347 3202 si
1381 3157 1496 3216 quis
1542 3156 1720 3203 videns
1756 3158 2018 3215 aegrotum
2054 3155 2134 3201 dic
2176 3153 2374 3202 sabbati

1307 3232 1592 3272 vescentem
1637 3225 1888 3279 carnibus,
1933 3225 1994 3271 de
2035 3226 2256 3285 cogitato
2295 3238 2377 3272 ea.-

1306 3298 1416 3342 qun
1452 3311 1559 3353 esu,
1594 3297 1768 3343 nolens
1802 3297 1973 3342 tamen
2000 3297 2074 3342 eis
2110 3296 2263 3351 vesci,
2292 3308 2374 3343 vo-

1306 3369 1555 3428 luptatem
1590 3368 1756 3428 capiat
1781 3367 2011 3425 (Salmat.
2037 3367 2104 3419 10,
2128 3367 2195 3420 13,
2218 3366 2292 3412 38.
2315 3364 2377 3411 V.

1307 3440 1444 3484 Less.
1457 3439 1539 3491 IV,
1554 3440 1597 3492 3,
1615 3441 1627 3483 l
1645 3440 1710 3484 14.
1721 3439 1862 3497 Lugo
1876 3440 1944 3485 De
1960 3438 2152 3485 Poenit.
2172 3436 2239 3491 16,
2252 3437 2379 3494 338).

1365 3511 1422 3553 23
1456 3510 1511 3555 V.
1548 3510 1688 3568 Lugo
1724 3514 1793 3555 De
1825 3511 1997 3555 justit.
2031 3508 2102 3558 39,
2138 3507 2208 3551 20,

1365 3582 1423 3625 24
1457 3580 1626 3641 Vasq,
1668 3580 1826 3634 Less,
1868 3578 2011 3638 Lugo
2056 3579 2133 3625 De
2177 3578 2372 3625 Poenit.

1314 3654 1381 3707 16,
1398 3651 1499 3695 389.
1517 3651 1585 3696 Ut
1600 3654 1724 3710 puta
1744 3651 1787 3695 si
1802 3650 1918 3708 quis
1938 3648 2216 3694 delectetur
2235 3645 2374 3707 quod

1307 3722 1386 3767 die
1421 3720 1643 3774 esuriali,
1676 3721 1897 3779 ignarus,
1935 3717 2093 3763 ederit
2125 3729 2319 3776 carnes.
