2548 4042
0 0 15 40 ἶ,
171 42 272 99 394

405 60 531 98 rins
566 58 764 99 ruina·
787 59 1204 100 renascentem·
1223 32 1396 100 macr.
1408 22 1495 100 vil
1508 37 1602 103 nu·
1595 13 1811 103 matris
1818 40 1909 103 ἐν
2013 106 2020 112 ,

242 145 370 199 397.
400 143 573 197 Porro
600 158 636 197 a
662 142 926 198 censuris
945 144 1248 211 quibuslibet
1274 144 1340 199 R.
1361 144 1420 198 Ρ.
1452 145 1772 203 reservatis
1794 145 1964 203 hodie
1988 111 2186 203 nullus
2211 116 2430 222 omni-4⁸
2440 139 2460 167 ·’
2482 151 2548 222 ‘412

1834 0 2077 62 t‘sssfzs·
2120 42 2131 58 ,·
2156 19 2233 72 ἐγέλα
2279 2 2364 72 Τῐιᾝ
2400 12 2401 16 ,

2202 53 2223 98 ι’.
2236 79 2258 95 ι’*
2291 61 2431 121 ⁷⁸

171 249 244 287 no
274 233 463 301 potest
497 231 820 294 absolvere,
863 232 1122 302 cujusvis
1161 232 1407 295 Ordinis
1449 233 1729 298 Instituti,
1772 235 2102 300 societatis;
2143 234 2441 294 sublatis

2429 298 2468 338 n»
2517 291 2535 314 'v

171 320 498 392 privilegiis
536 323 937 389 quibuscumque
975 325 1127 375 etiam
1165 323 1479 391 specialibus,
1519 324 1903 393 comprehensis,
1933 326 2014 379 vel
2038 341 2139 379 mm
2178 328 2236 380 in
2273 341 2430 403 eor-12
2478 353 2482 358 ·
2534 331 2541 337 '

160 429 289 485 pore
315 414 479 479 juris.
522 411 701 465 etiam
743 410 1000 479 speciali,
1044 414 1105 465 et
1145 411 1569 467 consuetudine
1613 414 1792 468 etiam
1833 413 2270 470 immemorabili
2298 410 2423 486 (3)..

169 501 254 555 Ad
299 498 445 555 haec
492 501 554 553 V.
581 502 618 567 '5
657 500 783 562 346,
819 502 912 554 18:
956 502 1245 564 dummodo,
1284 501 1369 555 ait
1410 502 1694 564 Pontifex,
1738 520 1839 556 non
1877 510 2068 572 warner
2107 505 2165 557 de
2217 505 2399 558 mortis
2483 566 2486 571 ,
2543 535 2548 566 ;

166 592 407 653 articulo,
447 592 502 643 in
541 607 636 658 quo
663 596 833 643 tamen
857 592 1026 656 firma
1054 592 1124 643 sic
1159 592 1328 658 quoad
1364 593 1616 645 assolucos
1657 594 1886 662 obliyatio
1923 596 2102 648 standi
2136 593 2399 647 mandatis

168 679 445 742 Ecclesiae,
487 681 536 731 si
567 681 928 732 convaluerint
956 678 1048 748 (4).
1095 680 1165 733 Et
1209 681 1372 734 firma
1414 678 1697 736 facultate
1738 698 1774 736 a
1813 682 1962 737 Trid.
2004 684 2229 754 Synodo
2266 681 2397 752 Epi-

170 769 357 839 scopis
385 784 661 823 concessa
688 769 835 824 Sess.
870 767 1076 823 XXIV.
1106 770 1163 823 C.
1187 770 1222 823 6
1252 771 1322 824 de
1352 768 1620 835 Reform„
1653 774 1709 824 in
1736 775 2134 843 quibuscumque
2161 774 2400 827 censuri-5

170 857 493 928 Apostolicae
523 860 644 912 Sodi
666 860 759 912 Ιιασ
793 859 1166 913 Constitutione
1196 865 1471 913 reservatis
1495 857 1723 931 (nempe
1754 862 1999 917 occultis
2029 866 2086 918 et
2111 862 2186 918 ad
2215 861 2397 918 forum

170 949 595 1004 contentiosum
639 950 892 1003 nondum
930 949 1217 1019 deductis)
1247 948 1303 1019 (ἓ
1330 946 1456 1012 316,
1497 953 1611 1022 ll>;
1654 953 1718 1003 iis
1758 958 1962 1005 tantum
2002 954 2236 1021 exceptis,
2270 966 2402 1022 quas

169 1040 327 1093 eidem
369 1040 680 1108 Apostolicae
710 1040 832 1092 Sodi
864 1040 1076 1108 speciali
1111 1040 1252 1091 modo
1282 1047 1571 1094 reservatas
1598 1042 1995 1095 declaravimus.
2026 1043 2137 1095 Nee
2171 1043 2228 1095 in
2256 1042 2403 1095 novis

169 1131 566 1197 quibuscumque
592 1131 1011 1194 concessionibus,
1036 1145 1099 1181 ac
1123 1130 1426 1198 pricileqiiS,
1466 1147 1595 1199 quae
1633 1133 1694 1183 ab
1722 1133 2009 1200 Apostolica
2038 1130 2163 1184 Sede
2200 1130 2407 1187 concedi

170 1309 280 1351 etat
295 1307 583 1362 prohibere,
609 1307 687 1352 vel
713 1309 985 1352 admittere
1007 1307 1235 1363 aliquem

163 1378 240 1423 ad
269 1378 566 1434 hujusmodi
598 1382 747 1422 accus
781 1376 940 1422 ‹Suan
977 1377 1049 1429 37,
1090 1377 1124 1429 l,
1158 1377 1232 1430 533

173 1446 305 1493 idest
325 1447 545 1496 Clericos
579 1449 662 1507 qui
687 1447 783 1493 loci
816 1446 1072 1494 interdicti
1109 1447 1231 1506 regi-

173 1531 286 1564 men
319 1518 483 1574 (Suar.
519 1519 723 1565 Filiucc.
758 1519 908 1564 Avila
941 1534 1016 1579 ap.
1054 1519 1234 1565 Bonac.

170 1590 307 1647 Quae
329 1590 374 1644 3,
395 1590 444 1635 P.
467 1591 531 1648 2),
555 1590 633 1636 vel
668 1594 744 1648 (ut
776 1603 866 1649 ego
901 1592 1044 1650 puto)
1068 1594 1237 1637 custo·

171 1660 307 1707 diam
351 1660 550 1707 habent.
594 1662 742 1707 Porro
785 1662 903 1708 olim
940 1661 1232 1708 dubitatum

171 1738 270 1777 est:
290 1731 469 1777 Utrum
489 1732 580 1778 hac
595 1731 931 1792 prohibitione
950 1746 1123 1779 omnes
1145 1733 1238 1778 cle·

171 1804 261 1849 rici
283 1804 675 1858 continerentur,
693 1808 743 1849 et
766 1805 936 1850 omnia
962 1804 1066 1850 loca
1084 1803 1237 1862 (idest

170 1889 261 1921 seu
293 1875 605 1934 generaliter,
636 1889 727 1921 seu
761 1875 1049 1935 specialiter
1082 1876 1233 1921 inter·

170 1945 358 1998 dictas?
385 1946 479 1992 Sed
506 1947 654 1992 hodie
680 1952 951 2007 utrumque
987 1946 1235 1993 affirman-

172 2019 292 2064 dum
318 2018 531 2068 videtur.
553 2020 675 2078 quia
706 2019 786 2064 lex
825 2033 923 2065 non
947 2019 1234 2078 distinguit.

140 2092 148 2099 ⁴
169 2090 247 2136 Ab
269 2089 363 2136 hoc
387 2090 654 2136 interdicto
676 2094 900 2146 excusat,
927 2094 983 2136 ut
1006 2092 1055 2135 in
1080 2095 1107 2144 5
1130 2091 1233 2144 312,

170 2161 455 2220 ignorantia
474 2162 626 2207 etiam
646 2175 820 2207 crassa
838 2166 887 2206 et
910 2161 1117 2221 supina3
1145 2162 1235 2205 irn-

173 2245 267 2285 mo,
292 2233 344 2277 in
367 2234 619 2278 sententia
643 2237 831 2283 nostra,
861 2234 938 2279 vel
972 2233 1230 2287 affectata;

170 2306 223 2349 at
252 2316 352 2348 non
375 2302 589 2362 quilibet
612 2307 791 2358 metus,
815 2304 905 2350 sed
928 2306 1100 2364 gravis
1124 2308 1234 2351 tan-

170 2377 296 2427 tum,
340 2377 398 2419 ut
431 2374 573 2428 alias,
612 2388 710 2420 non
745 2375 877 2420 enim
911 2376 993 2422 hic
1027 2375 1234 2421 additur

169 2450 365 2503 sponte,
402 2451 553 2504 prout
596 2460 685 2492 nec
729 2448 779 2492 in
814 2447 865 2495 C.
906 2448 958 2491 18
991 2449 1065 2494 De
1099 2450 1232 2494 Prie.

171 2517 223 2561 in
245 2517 307 2561 6⁰.
333 2517 504 2563 Donec
527 2521 634 2569 etc„
665 2531 728 2563 an
753 2518 910 2575 igitur
937 2522 1101 2564 cesset
1123 2519 1233 2578 ipso

162 2588 291 2648 jure,
312 2593 581 2648 postquam
611 2589 915 2635 interdictus
948 2594 1232 2650 competen-

169 2663 258 2713 ter,
276 2659 483 2705 arbitrio
502 2661 610 2719 ejus
629 2661 773 2719 quus
793 2662 1098 2707 sententiam
1123 2675 1236 2707 con-

171 2733 394 2790 tempsit,
426 2730 687 2784 satisfecit,
721 2731 854 2777 idest
886 2745 1000 2776 cum
1037 2734 1081 2778 is
1114 2732 1234 2779 data

169 2803 513 2850 satisfactione
545 2816 597 2848 se
627 2806 918 2848 contentum
953 2803 1235 2850 declarave-

169 2873 272 2920 rit?
306 2874 384 2918 lta
407 2887 564 2933 porro,
598 2875 642 2919 si
677 2873 797 2933 quid
828 2875 1018 2934 opinor,
1044 2875 1231 2934 quippe

171 2946 261 2991 bac
284 2944 621 2991 declaratione
655 2946 806 2991 tacite
840 2946 1119 3004 dispensat,
1155 2946 1236 2991 ab·

170 3013 337 3063 solvit.

232 3089 289 3133 In
322 3090 548 3136 Concilio
573 3089 867 3136 Tridentino
902 3105 1060 3137 unum
1095 3096 1237 3138 extat

172 3160 499 3205 interdictum
545 3160 626 3209 (ab
680 3162 913 3220 ingressu
959 3162 1235 3220 ecclesiae),

170 3242 284 3289 quo,
302 3243 494 3289 nempe,
514 3236 767 3277 coercetur
801 3233 1238 3292 Metropolitanus,

171 3302 259 3359 qui
276 3300 603 3360 Episcopum;
622 3302 698 3347 vel
713 3302 992 3362 Episcopus
1011 3306 1239 3358 vicinior,

171 3371 260 3431 qui
293 3370 731 3431 Metropolitanum
764 3373 1026 3433 illegitime
1052 3375 1233 3421 absen-

170 3448 272 3487 tem
307 3455 405 3487 non
438 3442 712 3489 denunciat
748 3447 968 3491 Romano
1004 3446 1235 3492 Pontifici

173 3513 326 3567 (Sess.
363 3513 444 3568 vl,
477 3515 530 3561 R.
573 3516 628 3567 1).

231 3583 259 3627 3
292 3585 345 3632 C.
380 3587 547 3642 Aposc.
586 3587 731 3632 Sedis
778 3591 807 3639 5
851 3592 886 3632 A
935 3591 1138 3645 quibu-3,
1188 3592 1238 3633 et

171 3658 199 3707 ἓ
238 3656 481 3702 Ceterum.
507 3655 723 3717 Ideoque
760 3671 846 3703 nec
882 3659 1098 3705 Praelati
1134 3659 1232 3704 Re-

169 3725 374 3783 gulares
400 3727 460 3773 ab
484 3726 562 3772 his
597 3728 817 3787 amplius
842 3729 1096 3775 absolvere
1122 3743 1233 3788 pos·

1335 1311 1457 1353 sunt
1490 1308 1558 1366 (S.
1586 1309 1773 1356 Poenit.
1803 1310 1834 1355 5
1857 1309 1974 1356 Dec.
2006 1309 2164 1366 1873):
2188 1304 2309 1355 licet
2328 1319 2405 1355 re-

1335 1380 1551 1425 servatis
1589 1382 1892 1438 simplicz’ter
1930 1384 2130 1427 tantum
2163 1378 2230 1438 (S.
2264 1379 2326 1428 U.
2364 1378 2403 1426 1.

1334 1449 1392 1493 22
1410 1450 1551 1496 Mart.
1575 1451 1721 1507 1881).
1746 1450 1950 1497 Scilicet
1971 1464 2213 1499 censurae
2241 1453 2402 1499 inser·

1336 1524 1414 1567 tae
1444 1522 1496 1567 in
1519 1521 1688 1573 Const.
1714 1526 1766 1571 Α.
1796 1523 1861 1578 S,
1886 1522 2091 1582 perinde
2126 1521 2297 1569 haberi
2319 1521 2404 1569 dc·-

1337 1592 1470 1644 bent,
1484 1607 1539 1640 ac
1553 1607 1597 1640 si
1614 1593 1676 1639 ab
1695 1607 1753 1640 ea
1766 1596 1998 1652 primum
2018 1597 2183 1642 editae
2194 1592 2407 1652 fuerint

1337 1668 1384 1720 (5
1403 1664 1490 1709 389
1499 1676 1534 1717 >:
1554 1663 1665 1711 ideo
1690 1665 1964 1711 anteriores
1987 1665 2265 1711 contrariae
2286 1677 2401 1713 con-

1336 1736 1634 1782 suetudines
1672 1749 1734 1781 ne
1776 1735 1990 1795 intelligi
2038 1734 2252 1799 quidem¹
2277 1748 2399 1797 pos·

1336 1812 1487 1862 sunt,
1513 1808 1608 1853 etsi
1633 1806 1710 1853 vel
1734 1811 1934 1853 tantum
1958 1806 2200 1862 indirecte
2222 1819 2402 1853 censu-

1335 1892 1417 1924 ras
1440 1878 1758 1932 sustulerint,
1782 1876 2160 1938 abrogaverint;
2186 1891 2230 1923 v.
2255 1891 2313 1934 c.,
2336 1882 2400 1924 ut

1335 1951 1443 1997 sola
1484 1950 1736 1999 Ordinarii
1786 1950 1933 1996 venia
1980 1948 2110 1996 bona
2155 1948 2396 1996 ecclesiae

1336 2022 1557 2074 alienari,
1580 2025 1670 2067 aut
1694 2020 1936 2069 moniales
1959 2034 1986 2066 e
2008 2020 2118 2066 suis
2146 2022 2400 2067 monaste-

1335 2094 1424 2140 riis
1474 2093 1642 2152 egredi
1688 2093 1886 2152 possint
1925 2091 1996 2146 (S.
2037 2091 2093 2138 U.
2128 2090 2164 2136 1.
2205 2090 2264 2135 22
2297 2089 2399 2138 De·

1334 2179 1458 2211 cem.
1486 2165 1634 2220 1880).

1394 2236 1480 2282 Ait
1512 2236 1682 2284 Const.
1715 2235 1798 2282 cit.
1831 2239 1858 2290 5
1882 2233 2145 2283 Coeterum
2174 2258 2192 2269 ·
2218 2247 2253 2282 Α
2281 2244 2399 2286 oul-

1333 2320 1580 2356 Busmem·
1612 2307 1850 2354 censuris
1870 2307 1931 2352 R.
1955 2309 2007 2351 Ρ.
2032 2318 2097 2360 r.,
2127 2318 2306 2366 nempe
2350 2306 2404 2352 in
2427 2319 2431 2322 “

1335 2379 1429 2425 hac
1460 2381 1651 2432 Const.;
1688 2391 1806 2424 nam
1839 2377 2064 2438 loquitur
2094 2377 2149 2422 in
2171 2375 2401 2437 subjecta

1337 2451 1548 2496 materia
1595 2449 1689 2507 (Ex
1734 2449 1787 2496 L.
1819 2449 1895 2496 23.
1929 2449 2003 2494 De
2036 2450 2238 2506 Leqibm
2269 2446 2402 2494 Sane

1334 2519 1466 2580 quod
1500 2521 1563 2567 ad
1597 2535 1655 2566 ea
1674 2533 1804 2580 quae
1826 2524 1972 2566 extra
1994 2518 2124 2565 hanc
2151 2517 2326 2567 Const.
2346 2518 2400 2564 in
2471 2540 2493 2571 ·,
2540 2551 2541 2554 ¹

1335 2606 1427 2638 suo
1460 2590 1632 2638 robore
1663 2594 2051 2651 permanserunt
2082 2604 2170 2650 pro
2198 2589 2397 2636 interno

1336 2664 1578 2722 regimine
1629 2662 1892 2715 ominum,
1940 2665 1991 2707 et
2044 2661 2403 2709 Institutorum

1336 2733 1671 2792 regularium;
1704 2735 1812 2780 sive
1844 2734 1899 2780 in
1921 2744 2127 2791 uenere,
2147 2733 2258 2779 sive
2273 2731 2404 2789 par-'-

1337 2807 1629 2852 ticularz’ter
1682 2806 1739 2851 in
1784 2805 2014 2852 Ordines·
2047 2809 2100 2851 et
2143 2804 2410 2865 Instituta.

1335 2878 1634 2933 sinyularza
1675 2878 1988 2921 constitutae
2028 2873 2234 2926 fuerint,
2273 2871 2404 2919 nihil

1337 2949 1634 2993 innovatum
1667 2946 1840 2999 fuisse,
1875 2945 2115 3001 declarati
2150 2943 2286 3005 juris
2324 2947 2406 2990 est

1336 3018 1406 3075 (S.
1437 3018 1494 3064 U.
1528 3017 1563 3062 Ῑ-.
1605 3017 1665 3061 22
1697 3017 1842 3062 Mart.
1881 3016 2022 3073 1881).
2064 3015 2235 3075 Neque
2281 3014 2404 3060 haec

1336 3090 1590 3150 pertinent
1623 3088 1686 3133 ad
1714 3101 1956 3134 censuras
1983 3101 2011 3133 a
2037 3087 2089 3132 R.
2122 3086 2169 3132 Ρ.
2194 3084 2405 3134 Ordina-

1338 3161 1426 3206 riis
1460 3159 1681 3205 locorum
1713 3159 1995 3204 reservatas
2029 3158 2098 3213 (S.
2120 3156 2178 3203 U.
2214 3155 2303 3202 1.1.
2329 3158 2405 3209 c.).

1397 3234 1424 3275 4
1449 3233 1520 3277 Ex
1550 3231 1603 3276 Β.
1627 3231 1680 3278 C.
1703 3233 1732 3283 5
1754 3230 1826 3275 20.
1844 3229 1901 3275 V.
1925 3229 2171 3276 Ceterum.
2191 3229 2329 3286 Quae
2350 3227 2403 3275 id
2423 3214 2436 3228 ⁶

1337 3305 1540 3349 caverat
1564 3301 1877 3347 nominatim.
1901 3301 2134 3349 Ceterum
2159 3297 2402 3345 dubitan-

1338 3373 1459 3418 dum
1499 3386 1597 3418 non
1643 3377 1736 3427 est,
1773 3371 2030 3418 inferiores
2071 3368 2404 3417 confessarios

1339 3443 1597 3490 absolvere
1626 3457 1774 3502 posse
1809 3443 1870 3489 ab
1903 3441 2138 3489 omnibus
2171 3440 2400 3487 censuris

1339 3515 1392 3560 R.
1430 3516 1491 3571 P.,
1528 3527 1683 3574 eoque
1718 3516 1880 3574 magis
1921 3513 2207 3562 Ordinariis
2248 3522 2405 3558 reser-

1337 3586 1488 3641 vatis,
1532 3599 1633 3638 eos,
1663 3586 1751 3644 qui
1794 3590 2052 3645 perpetuo,
2098 3585 2204 3630 sive
2241 3581 2404 3635 illum,

1337 3658 1444 3702 sive
1472 3657 1565 3702 hos
1599 3656 1837 3712 adeundi,
1869 3655 2230 3716 impedimento
2258 3651 2399 3700 labo-

1338 3733 1452 3773 rant
1489 3730 1536 3786 (5
1570 3729 1696 3787 348).

2543 3564 2548 3582 ε

2534 3585 2544 3606 3.

2533 3612 2548 3652 2¹.

2526 3680 2529 3682 -
2539 3654 2548 3687 l

2528 3772 2535 3781 ,

2419 3834 2427 3842 “
2511 3847 2517 3853 -.

2506 3860 2512 3869 ,

2486 3909 2493 3917 ’
2500 3916 2507 3934 ‘1

2393 3989 2397 3995 ·
2478 3968 2501 4003 ,ἶ

2418 4030 2432 4038 ..
2442 4015 2487 4042 ‚32⁹5
