2554 4004
1105 2 1411 87 mm-
2345 22 2411 83 19

89 124 105 198 ζ
174 120 305 204 4³25.
342 87 387 111 ..
518 56 739 198 Quod
781 126 879 191 vel
925 126 1038 208 ipsi
1084 125 1326 190 Ethnici
1378 128 1681 207 sapientes
1733 126 1989 207 professi
2033 132 2190 187 sunt.
2241 126 2413 192 Quo-

68 215 132 296 {³¹
278 233 283 242 '
346 225 652 288 sentemia
711 224 843 299 suit,
902 223 1066 285 vitae
1129 222 1478 329 magistram
1538 241 1673 282 esse
1724 218 2207 327 Philosophiam3
2275 221 2410 281 uni-

44 445 82 470 ι
60 384 488 498 Heganter
536 412 594 472 id
653 431 1000 491 expressum
1054 410 1163 471 suit
1220 429 1256 469 a
1302 409 1679 480 possidonio,
1727 418 1787 467 et
1839 427 1875 467 a
1930 406 2116 466 Sexto
2174 406 2411 468 Chero-

139 519 309 582 1003
366 525 615 586 quorum
675 505 830 566 alter
881 503 1324 582 Philosophiam
1385 503 1655 560 ani‘umlt
1710 487 2120 578 ‹.omparabat;
2185 500 2413 562 scilieet

22 600 47 638 ἶ
152 599 436 680 anguini
482 607 543 659 et
587 599 751 659 carni
811 598 1137 678 physicam,
1193 596 1424 655 ossibus
1485 607 1544 653 et
1604 595 1800 653 nervis
1850 595 2123 670 logicam,
2169 595 2412 657 animae

0 673 102 775 ξφ,
153 690 453 765 “hictum
499 691 654 752 alter
696 712 846 761 ovo,·
890 692 1056 750 cuius
1090 699 1246 750 testa
1291 689 1534 763 (aicbat)
1582 690 1766 747 refert
1811 689 2087 765 logicam,
2134 688 2411 751 albumen

111 800 113 802 ’
151 779 485 868 physicam,
509 784 744 845 vitellus
776 785 1050 845 ethicam.
1086 783 1466 862 Quapropter
1499 782 1840 843 Aristotiles
1874 782 2126 844 ethicam
2165 791 2415 846 autono-

150 879 405 943 mastice
437 880 884 960 Philosophiam
917 879 1201 939 vocabat:
1234 878 1389 956 quod
1426 897 1637 935 nomen
1673 876 1905 936 ethicae
1938 876 2048 935 soli
2089 878 2412 940 convenire

154 969 389 1036 Tullius
418 993 652 1053 quoque
696 973 1073 1034 existimavit.
1124 971 1311 1050 Eique
1361 973 1469 1030 soli
1521 981 1838 1049 propterea
1883 972 2239 1032 studendum
2272 992 2408 1034 esse

105 1100 111 1107 ·
148 1064 422 1153 plerique
451 1086 525 1126 ex
558 1068 811 1145 paganis
842 1067 1209 1144 sapientibus
1242 1066 1569 1135 duxerunt;
1609 1066 1780 1143 eique
1813 1065 1920 1124 soli
1956 1085 2030 1125 ex
2061 1073 2188 1126 tota
2218 1065 2411 1145 philo-

63 1175 103 1239 ἢ
149 1158 368 1240 cuphia
395 1180 610 1221 revera
639 1162 994 1221 studuerunt
1030 1161 1271 1220 Romani
1314 1162 1411 1228 illi,
1447 1161 1540 1236 qui
1577 1179 1723 1236 quas
1755 1166 1968 1234 gentes
2003 1179 2124 1219 non
2159 1159 2411 1239 amplius

148 1259 363 1317 tonent
419 1253 684 1334 imperio,
745 1273 848 1314 eas
909 1254 1101 1312 adhuc
1153 1254 1383 1331 legibus
1429 1263 1654 1322 tenent,
1702 1272 2052 1331 semperque
2098 1252 2407 1312 tenebunt.

92 1333 349 1409 '‘Porro
392 1346 444 1407 si
476 1347 709 1424 Pagani
755 1348 904 1406 tanti
955 1347 1205 1406 Etliicen
1254 1347 1569 1418 faciebant,
1606 1348 1807 1424 quanti
1848 1366 1884 1405 a
1914 1346 2085 1405 nobis
2133 1345 2412 1406 facienda

40 1478 42 1481 -
149 1437 270 1500 enit
297 1437 636 1514 Theologia
681 1438 947 1514 MoraliS,
980 1460 1131 1518 quae
1178 1452 1404 1499 tantum
1439 1441 1618 1499 distat
1650 1441 1723 1499 ab
1757 1440 1874 1513 illa,
1908 1449 2191 1517 quantum
2226 1441 2412 1502 distat

151 1530 339 1595 Ortus
389 1533 466 1593 ab
519 1531 881 1593 Occidente?
927 1534 1017 1595 De
1054 1555 1170 1612 qua
1215 1536 1261 1593 si
1321 1554 1436 1610 ego
1496 1535 1778 1611 gracilem
1826 1533 1981 1593 hanc
2035 1533 2409 1609 summulam,

44 1654 47 1659 >
150 1641 391 1703 nuque
446 1625 625 1685 litura
682 1627 995 1686 delendam
1058 1633 1252 1706 (quam
1315 1629 1639 1686 subsecivis
1695 1627 1876 1700 horiS,
1924 1628 2163 1706 integra
2213 1628 2412 1690 adhuc

150 1725 373 1793 aetate,
418 1718 559 1779 mihi
613 1721 1139 1799 interpolaveram)
1184 1722 1365 1780 edere
1408 1741 1587 1780 ausus
1633 1741 1781 1793 sum,
1836 1722 2154 1798 ignoscant
2198 1722 2299 1799 qui
2347 1721 2409 1782 in

37 1829 58 1838 ‘
150 1829 352 1875 rorum
410 1813 720 1872 moralium
778 1816 1123 1891 cognitione
1174 1823 1515 1873 versantur:
1564 1816 1781 1873 invitus
1834 1814 2019 1873 edidi:
2078 1823 2138 1875 et
2181 1816 2410 1875 utinam

149 1903 230 1968 de
268 1906 474 1985 inopia
505 1926 638 1967 mea
681 1908 980 1967 intulerim
1028 1910 1083 1967 in
1130 1909 1616 1988 gazophylacium
1668 1908 1925 1980 Domini,
1958 1928 2091 1968 cum
2136 1908 2237 1968 illa
2267 1927 2411 1987 pau·

149 1999 396 2080 pomula
441 2001 648 2078 (Marc.
691 2001 915 2077 1241),
963 2002 1172 2063 saltem
1220 2003 1521 2062 dimidium
1567 2001 1937 2080 quadrantis!

0 2134 50 2163 νβ

0 2198 65 2322 ff]-
100 2237 122 2251 ‘⁷
238 2299 253 2311 q
780 2230 860 2270 DE
905 2230 1203 2273 FONTIBUS
1252 2231 1472 2274 THEOL.
1517 2231 1786 2272 MORALIS

0 2319 21 2354 ἔ

187 2366 334 2437 Ἰὼ
387 2372 731 2452 Theologia
779 2375 1029 2436 Moralis
1080 2377 1322 2455 inquirit
1373 2376 1510 2455 quid
1563 2376 1723 2448 liciti,
1777 2376 1917 2454 quid
1968 2377 2153 2437 illiciti
2205 2378 2284 2437 sit
2332 2378 2397 2438 in

153 2459 491 2529 actionibus
521 2468 829 2543 humanis;
863 2471 997 2530 ideo
1032 2472 1088 2530 in
1127 2471 1219 2530 his
1251 2470 1631 2548 dispiciendis
1664 2480 1724 2529 et
1752 2470 2083 2531 iudicandis
2128 2477 2411 2531 versatur

0 2551 61 2605 ἴ
143 2566 303 2642 m
352 2560 454 2621 Uti
506 2572 705 2623 autem
756 2565 949 2641 possit
1005 2565 1077 2623 de
1130 2564 1221 2623 his
1274 2564 1541 2636 iudicari,
1588 2565 1836 2640 primum
1892 2571 2128 2643 oportet
2180 2583 2284 2624 eas
2342 2564 2404 2624 in

0 2658 54 2676 '‘
143 2651 367 2735 jeipsis
409 2654 705 2735 dispicere
720 2677 735 2729 ;
786 2658 1004 2718 deinde
1041 2658 1231 2718 metiri
1277 2658 1546 2735 singulas
1579 2677 1654 2717 ex
1700 2658 2160 2735 obligationibus
2193 2659 2408 2736 quibus

48 2765 66 2810 f
149 2747 400 2829 quisque
450 2759 546 2809 est
597 2750 939 2824 obstrictuS‚
986 2771 1092 2812 seu
1144 2772 1262 2831 qua
1312 2752 1490 2812 humo
1535 2760 1646 2822 est,
1694 2772 1798 2812 seu
1853 2772 1969 2831 qua
2013 2753 2404 2820 Christianus.

26 2892 53 2923 ,Ι
149 2838 448 2908 Quocirca
482 2843 656 2905 huius
692 2845 1032 2906 Summulae
1077 2854 1201 2906 tres
1232 2858 1408 2906 erunt
1439 2854 1669 2923 partes:
1719 2846 1907 2923 prima
1938 2851 2214 2905 versatur
2245 2846 2410 2908 circa

148 2942 321 2998 aetus
373 2936 671 2999 humanos
728 2940 789 2999 in
848 2958 1094 3017 genere,
1153 2939 1346 2999 altera
1404 2938 1803 3016 obligationes
1860 2938 2194 3016 ingreditur
2253 2957 2407 3019 quae

149 3029 414 3091 omnium
456 3030 759 3092 hominum
793 3053 1136 3093 communes
1167 3042 1336 3094 sunt:
1385 3033 1565 3092 tertia
1612 3033 1988 3110 prosequitur
2030 3050 2135 3092 eas
2182 3031 2408 3112 obliga·

147 3122 367 3197 tiones,
413 3142 567 3203 quae
612 3135 750 3185 sunt
796 3125 1272 3187 Christianorum
1319 3126 1614 3204 propriae.

231 3215 303 3277 ln
345 3217 440 3278 bis
491 3228 689 3279 autem
750 3219 1139 3279 diiudicandis
1199 3220 1416 3279 utimur
1476 3219 1535 3276 in
1593 3218 1798 3296 primis
1856 3217 2243 3293 revelatione,
2299 3237 2405 3280 seu

47 3301 50 3305 ’
148 3308 349 3391 potius
371 3310 498 3372 iure
521 3311 756 3385 divino;
789 3322 912 3373 tum
944 3314 1070 3373 iure
1099 3313 1403 3373 Canonico
1436 3320 1497 3371 et
1526 3311 1709 3383 civili3
1742 3311 1974 3371 demum
2001 3330 2406 3391 quaecumque

149 3419 231 3465 ex
272 3410 440 3463 recta
484 3404 717 3465 ratione
762 3406 1129 3485 deprompsit
1172 3405 1468 3484 sapientia
1512 3403 1959 3483 Theologorum
2006 3405 2177 3466 nobis
2210 3405 2407 3466 adsci-

148 3494 343 3556 vimus
388 3515 496 3574 pro
542 3516 607 3557 re
651 3507 881 3561 nostra.

0 3671 4 3673 ‚
240 3590 332 3651 15.
372 3590 636 3652 Primum
668 3591 795 3652 iure
827 3591 1047 3652 divino.
1078 3591 1211 3653 Hoc
1240 3590 1536 3651 diducitur
1566 3591 1625 3650 in
1657 3598 1829 3651 vetus
1861 3597 1922 3651 et
1951 3608 2187 3650 novum.
2226 3588 2406 3648 Vetus

150 3684 515 3764 tripartitum
568 3691 734 3745 erat:
792 3686 1059 3745 constitit
1115 3683 1275 3745 enim
1331 3702 1405 3746 ex
1461 3684 1795 3763 praeceptis
1850 3681 2406 3754 caeremonialibus,
