2548 4042
176 39 352 96 tineis
370 36 502 109 (25).
531 37 610 91 oe
638 37 847 108 roffam
868 33 1016 107 (sive
1043 34 1204 100 nans,
1229 32 1357 90 sive
1384 35 1576 100 mem,
1603 32 1732 90 sive
1757 50 1791 87 a
1816 33 2027 108 ‚taceo-0„
2047 36 2111 92 et
2136 0 2441 100 doru-{2-

178 128 349 185 fectis
403 124 767 196 Apostolicis,
811 123 911 194 qui
974 123 1034 178 in
1095 122 1236 178 locis
1297 121 1634 177 Missionum
1692 121 2103 202 Episcoporum
2161 119 2523 204 officiumst?

177 218 414 286 gerunt,
444 213 703 269 viderint
734 210 1102 267 Canonistae.

250 306 340 361 94.
371 303 559 358 Venio
585 302 658 356 ad
687 301 1012 371 Episcopos
1044 300 1277 370 Spiritus
1318 299 1548 354 Sanctus
1576 302 1760 369 posuit
1797 302 2071 372 Episcopos
2110 321 2282 373 repere
2319 308 2424 362 Εσ-
2456 272 2466 279 ⁶

173 397 383 447 alesiam
423 395 525 446 Dei
563 392 687 461 (26).
731 390 801 444 Ηί
856 390 915 444 in
958 390 1150 445 locum
1202 388 1602 459 Apostolorum
1653 392 2063 446 successerunt
2105 390 2237 467 (27).
2278 394 2421 451 Inde
2499 380 2548 418 ³·

175 482 507 553 quaesitum
550 484 657 543 est,
687 495 762 535 an
806 478 1028 549 possint
1070 478 1129 533 in
1172 493 1280 533 sua
1309 477 1581 542 dioecesi,
1613 477 1671 531 in
1716 477 1805 532 his
1847 480 2021 536 rebus
2061 495 2213 552 quae
2254 483 2423 540 dioe-

174 572 325 628 cesis
366 572 514 626 flnes
542 569 829 626 excedere
862 570 1183 639 nequeunt,
1213 582 1619 637 quaecumque
1653 566 1722 621 R.
1754 565 1815 621 P.
1850 570 2040 637 potest
2071 569 2128 626 in
2158 571 2423 630 Ecclesia

178 661 452 718 universa
467 659 598 730 (28).
616 659 766 713 Illud
790 658 1180 713 certissimum
1202 659 1308 717 est,
1331 656 1680 725 potestatem
1716 656 2106 727 episcopalem
2131 662 2421 730 potestate

175 754 240 807 R.
269 751 350 814 Ρ.,
379 754 519 805 siout
547 751 762 804 cardine
801 751 1007 812 ostiu-m,
1038 746 1190 816 regi:
1225 745 1486 815 illudque
1530 744 1651 800 fere
1696 744 1850 800 inter
1884 761 2085 803 omnes
2122 749 2419 814 convenit,

174 842 586 914 Episcoporum
628 841 918 909 potestate
960 835 1271 898 contineri,
1313 850 1427 889 non
1471 849 1878 904 quaecumque
1911 836 2013 904 jus
2056 837 2422 895 canonicum

173 932 262 988 eis
291 929 596 1002 permittit,
627 928 729 983 sed
762 939 1170 997 quaecumque
1202 939 1315 980 non
1346 926 1510 979 vetat
1544 920 1678 997 (29).
1710 925 1916 994 Itaque
1947 924 2266 998 Episcopus
2283 928 2423 999 jure

173 1037 279 1079 suo
317 1021 474 1089 regit
518 1018 850 1080 dioecesim,
896 1016 1092 1071 condit
1135 1015 1319 1084 legeS,
1362 1014 1552 1069 sancit
1596 1029 1833 1084 poenaS,
1878 1016 1937 1071 et
1978 1029 2258 1072 censuras
2301 1014 2421 1091 (30)

178 1208 302 1253 item
321 1218 438 1253 cum
456 1204 746 1253 simoniace.
761 1202 839 1247 vel
859 1201 987 1247 male
1003 1200 1248 1261 promotis

174 1277 238 1324 ad
271 1276 498 1323 ordines:
533 1273 824 1321 convalidat
850 1272 1028 1318 titulos
1065 1271 1245 1318 benefl-

174 1349 386 1402 ciorum,
401 1346 648 1407 quamdiu
670 1346 854 1390 vitium
869 1348 950 1390 est
966 1343 1247 1396 occultum3

174 1421 455 1465 commutat
486 1416 645 1462 divini
686 1415 835 1461 officii
880 1414 1248 1465 recitationem,

172 1488 430 1548 componit
462 1485 631 1533 debita
666 1486 858 1532 incerta
880 1490 974 1531 etc.
1006 1485 1071 1529 Et
1098 1483 1249 1530 hodie

172 1559 440 1620 dispensat
463 1560 615 1604 etiam
641 1558 691 1602 in
718 1557 937 1616 publicis
962 1554 1246 1601 minoribus

177 1628 560 1690 impedimentis
609 1626 1088 1681 matrimonialibus,
1141 1624 1250 1681 sed,

179 1699 499 1760 regulariter,
529 1684 777 1759 pauperes
810 1702 1025 1744 tantum.

235 1771 295 1816 25
326 1770 481 1819 Clem.
515 1770 560 1827 2,
592 1774 621 1823 ἓ
643 1772 714 1815 Eo
746 1775 923 1817 tamen
952 1770 1007 1814 1⁰.
1034 1770 1108 1816 De
1131 1770 1246 1815 Ele-

179 1844 329 1888 ction.

240 1914 299 1958 26
323 1916 488 1959 Actor.
513 1912 586 1961 20,
607 1912 680 1957 22.
708 1911 842 1957 Trid.
871 1911 956 1966 VI,
983 1912 1036 1957 R.
1070 1913 1103 1955 l.

238 1984 297 2029 27
321 1983 456 2028 Trid.
484 1982 664 2028 XXIII.
689 1982 808 2042 Cap.
828 1985 868 2027 4.
889 1983 940 2030 C.
963 1983 1002 2027 2.
1024 1983 1153 2028 Dist.
1175 1983 1249 2027 21.

177 2056 326 2104 Cone.
349 2054 461 2101 Vat.
486 2055 571 2100 cit.
595 2055 648 2102 C.
670 2054 754 2100 IV.
777 2053 1095 2113 Episcopalis
1127 2052 1250 2099 ordo

179 2139 314 2171 unus
339 2129 442 2179 est;
465 2123 656 2184 gradus
681 2124 892 2184 triplex;
918 2123 1249 2176 Patriarchae,

177 2196 566 2255 Metropolitani‚
585 2198 634 2240 et
652 2194 911 2254 Episcopi.
931 2194 1250 2240 Patriarchae

178 2269 231 2311 in
275 2265 501 2311 Ecclesia
548 2265 707 2310 latina
749 2265 1251 2324 Metropolitanorum

171 2339 283 2397 jure
298 2339 581 2382 censentur.
596 2335 785 2381 Horum
803 2338 975 2381 autem
988 2339 1250 2394 estcogere

177 2406 448 2465 synodum,
481 2419 542 2451 ex
564 2405 916 2466 suffraganeis
966 2405 1252 2465 Episcopis,

177 2476 544 2536 provincialem
579 2476 730 2523 (Trid.
769 2475 945 2532 XXIV,
978 2477 1037 2522 R.
1071 2476 1144 2535 2);
1173 2490 1255 2536 ap-

181 2546 483 2606 pellationes
503 2561 531 2591 a
548 2547 717 2595 Curiis
736 2546 1110 2606 episcopalibus
1131 2548 1254 2593 reci-

181 2629 300 2676 pere
332 2617 405 2674 (C.
440 2619 475 2663 1.
502 2618 575 2665 De
601 2618 786 2665 Cen-rib.
823 2619 875 2663 in
908 2618 1006 2673 6⁰>;
1042 2619 1249 2663 Provin-

179 2688 311 2735 ciam
347 2688 569 2742 visitare,
594 2692 642 2733 et
666 2688 787 2734 dum
817 2689 865 2735 S.
893 2688 1251 2734 Visitationem

180 2758 369 2805 obeunt
382 2773 411 2805 a
427 2761 646 2817 peccatis
663 2760 733 2815 (C.
748 2760 777 2804 5
795 2761 954 2816 Eod.)‚
974 2763 1122 2818 atque
1142 2760 1253 2805 ideo

182 2833 233 2874 et
259 2844 288 2876 a
312 2832 583 2875 reservatis
610 2830 782 2886 (Salm.
815 2831 881 2886 10,
905 2831 946 2885 2,
971 2832 1062 2884 45),
1091 2830 1254 2876 absol·

178 2912 307 2944 vere.
341 2899 529 2960 Nempe
558 2902 674 2960 post
697 2900 913 2959 pallium
946 2903 1246 2959 susceptum

179 2984 209 3015 a
241 2971 296 3016 R.
331 2970 406 3015 P.:
435 2984 550 3016 nam
587 2975 734 3018 antea
760 2971 1252 3031 archiepiscoporum

178 3053 269 3084 nec
310 3054 491 3086 nomen
534 3040 713 3087 babent
753 3043 822 3099 (C.
857 3042 885 3086 3
919 3043 994 3090 De
1025 3043 1166 3088 Auct.
1209 3047 1259 3090 et

182 3122 285 3155 usu
309 3114 511 3170 pallii).

246 3180 305 3224 28
330 3181 591 3227 Sententia
624 3182 862 3241 negativa
894 3186 1133 3242 patronos
1158 3182 1254 3229 ha-

182 3249 267 3296 bet
307 3251 515 3305 multos,
550 3256 599 3296 et
631 3266 828 3310 graves.
883 3253 1250 3300 Affirmativam

176 3324 390 3367 tuentur
414 3321 603 3379 Vasqu.
622 3322 805 3368 Victor.
831 3325 1019 3371 Rezect.
1046 3326 1121 3371 De
1143 3326 1253 3371 Ma-

179 3394 316 3436 trim.
343 3393 466 3437 Par.
489 3391 524 3445 1,
561 3406 606 3437 n.
632 3395 672 3437 7.
711 3393 863 3439 Sotus
893 3396 967 3443 De
994 3398 1119 3441 lust.
1149 3397 1186 3451 1,
1208 3396 1248 3441 3.

176 3462 318 3508 Pont.
353 3461 415 3507 M.
441 3461 525 3514 VI,
554 3463 591 3517 l,
624 3463 703 3518 123
741 3464 921 3510 Sanch.
949 3467 1012 3511 M.
1044 3467 1077 3520 l,
1101 3467 1178 3520 61,
1201 3466 1251 3519 33

178 3532 355 3591 Laym.
388 3531 496 3579 Lib.
527 3533 570 3593 1,
601 3533 677 3577 Tr.
709 3534 787 3586 IV,
822 3535 939 3594 Cap.
976 3535 1081 3588 VII,
1115 3549 1165 3582 n.
1196 3537 1249 3591 53

182 3602 231 3648 S.
257 3603 409 3663 Alph.
432 3602 508 3658 VI,
532 3604 638 3661 613,
665 3603 753 3650 980
777 3611 841 3661 et,
864 3609 993 3651 teste
1015 3606 1252 3654 Su'aresio

1354 1200 1452 1258 (De
1477 1200 1592 1256 Leo.
1629 1197 1709 1252 IV,
1744 1199 1862 1258 Cap.
1901 1197 1984 1253 IV,
2012 1199 2100 1259 qui
2138 1199 2271 1246 hanc
2303 1212 2422 1247 sen-

1354 1271 1564 1316 tentiam
1603 1268 1833 1329 pluribus
1868 1271 2131 1329 exagitat),
2168 1270 2317 1317 multi
2361 1283 2423 1317 ex

1353 1341 1665 1390 Canonistis:
1702 1340 1839 1400 apud
1871 1353 1998 1400 quos
2041 1341 2185 1387 velut
2222 1341 2426 1389 axioma

1354 1417 1447 1465 est,
1482 1425 1634 1471 posse
1675 1410 1987 1470 Episcopum
2029 1410 2330 1470 regulariter
2370 1412 2425 1458 in

1353 1496 1447 1528 sua
1493 1482 1719 1528 Dioecesi
1764 1480 1899 1541 quod
1942 1482 1994 1527 in
2043 1485 2151 1529 tota
2194 1482 2425 1530 Ecclesia

1355 1553 1492 1612 Papa
1516 1555 1683 1612 potest
1705 1551 1870 1610 (Barb.
1898 1553 1972 1600 De
2001 1554 2094 1610 Off.
2119 1554 2208 1611 Ep.
2233 1553 2285 1609 11,
2313 1555 2350 1609 1,
2371 1554 2424 1609 ὃς

1353 1623 1426 1678 33,
1456 1624 1521 1668 16.
1555 1622 1696 1668 Reiff.
1733 1623 1770 1676 l,
1802 1622 1846 1675 2,
1867 1623 1946 1677 77;
1980 1622 2164 1670 Sanch.
2186 1623 2280 1671 loc.
2303 1624 2426 1679 cit.).

1414 1694 1472 1739 29
1493 1693 1639 1753 Lugo
1661 1693 1809 1751 Resp.
1830 1694 2015 1740 Moral.
2037 1694 2068 1751 Ι,
2092 1695 2163 1740 45.
2187 1693 2332 1743 Suar.
2348 1696 2426 1746 De

1363 1768 1481 1811 Voto
1504 1765 1580 1818 VI,
1610 1765 1680 1817 10,
1703 1767 1746 1809 4.

1411 1837 1470 1880 30
1503 1836 1557 1884 C.
1580 1835 1638 1879 22
1663 1836 1737 1882 De
1767 1837 1959 1892 Major.
1988 1834 2039 1883 C.
2062 1836 2092 1880 2
2114 1837 2188 1885 De
2214 1836 2421 1884 constit.

1354 1907 1405 1952 in
1424 1907 1488 1950 6⁰.
1509 1906 1705 1955 Condit.
1728 1908 1875 1963 leym,
1891 1919 2071 1967 nempe
2088 1909 2301 1967 praeter,
2323 1922 2425 1956 non

1353 1978 1646 2037 contra,jus
1673 1978 1992 2024 canonicum:
2018 1991 2062 2024 v.
2082 1991 2139 2033 c.,
2157 1991 2219 2024 ne
2246 1981 2423 2040 sponsi

1352 2051 1469 2107 post
1511 2048 1639 2093 inita
1682 2048 1941 2107 sponsalia
1973 2050 2024 2095 in
2059 2049 2233 2096 eadem
2274 2050 2424 2098 domo

1354 2117 1664 2171 cohabitent;
1710 2133 1811 2165 non
1854 2120 1994 2175 item,
2037 2123 2096 2167 ut
2138 2121 2263 2168 haec
2311 2123 2425 2169 sine

1354 2190 1575 2248 scriptis,
1609 2189 1687 2235 vel
1721 2191 1830 2235 sine
1862 2190 2082 2237 testibus
2106 2192 2248 2247 inita,
2279 2193 2426 2242 irrita

1355 2262 1459 2306 sint
1486 2285 1507 2295 -
1536 2263 1812 2317 Gens-urar,
1833 2275 2014 2322 nempe
2047 2263 2248 2323 legibus
2279 2267 2427 2312 tuen-

1355 2331 1451 2385 dis,
1484 2330 1671 2378 nedum
1710 2333 1832 2389 suis,
1867 2333 1956 2379 sed
1991 2335 2041 2379 et
2073 2334 2344 2391 Ecclesiae,
2377 2335 2427 2383 si

1354 2402 1557 2462 quando
1583 2403 1672 2448 hae
1696 2404 1748 2449 in
1771 2406 2174 2463 transgressores
2195 2419 2297 2452 non
2319 2406 2426 2453 ani·

1356 2473 1708 2529 madvertunt;
1743 2480 1869 2534 puta
1900 2477 1952 2520 in
1986 2488 2070 2521 eos
2102 2476 2191 2536 qui
2224 2476 2426 2524 clande-

1355 2545 1507 2590 stinis
1561 2545 1897 2591 matrimoniis
1951 2549 2111 2592 testes
2169 2548 2427 2596 intersunt

1356 2615 1554 2671 (Sanch.
1571 2615 1633 2662 M.
1652 2616 1718 2667 III,
1738 2616 1811 2661 53.
1829 2615 2011 2662 Bened.
2032 2617 2160 2665 XIV.
2180 2619 2255 2666 De
2277 2621 2426 2676 Syna.

1355 2686 1464 2739 XII,
1490 2685 1574 2739 VI,
1597 2685 1638 2730 2.
1657 2689 1832 2732 contra
1855 2687 2011 2746 Soto).
2029 2687 2284 2748 Amplius,
2308 2694 2426 2751 post

1354 2756 1568 2804 Constit.
1620 2757 1801 2803 Bened.
1845 2757 1968 2803 XIV.
2013 2761 2096 2806 Aa
2137 2761 2427 2808 Militantis

1355 2827 1414 2871 29
1446 2829 1564 2886 Apr.
1608 2828 1719 2872 1742
1751 2828 1900 2885 (Bull.
1933 2829 1965 2882 Ι,
2000 2842 2046 2875 n.
2078 2830 2156 2888 48)
2180 2842 2215 2877 a
2235 2833 2421 2890 quibu-

1354 2911 1599 2956 scumque
1624 2911 1796 2946 eorum
1820 2901 2110 2955 mandam,
2126 2903 2427 2958 prohibitio*-

1355 2971 1525 3022 nibm,
1545 2971 1943 3026 provisionr‘buS‚
1975 2975 2024 3017 et
2044 2974 2280 3027 statutis,
2317 2974 2423 3019 tam

1357 3041 1407 3085 in
1428 3040 1735 3093 visitatione,
1758 3053 1908 3099 quam
1936 3044 2094 3096 extra,
2113 3054 2241 3101 quae
2259 3042 2338 3089 vel
2361 3044 2424 3089 ad

1356 3112 1586 3157 divinum
1634 3110 1847 3164 cultum,
1881 3109 1959 3155 vel
1998 3110 2059 3156 ad
2104 3124 2276 3158 curam
2310 3115 2421 3159 ani-

1356 3194 1568 3234 marum,
1616 3183 1666 3225 et
1716 3184 2147 3226 sacramentorum
2201 3182 2421 3229 admini-

1351 3252 1665 3306 strationem,
1717 3254 1767 3296 et
1818 3264 2015 3297 morum
2064 3253 2424 3300 correctionem

1354 3322 1622 3381 pertinent,
1674 3321 1770 3367 etsi
1817 3320 1968 3367 liceat
2011 3320 2074 3367 ad
2114 3323 2425 3383 superiorem

1354 3406 1639 3453 provocare,
1661 3405 1760 3438 non
1785 3391 1895 3438 ideo
1918 3395 2087 3438 tamen
2110 3393 2229 3439 licet
2250 3406 2423 3441 eorum

1353 3465 1703 3509 executionem
1768 3461 2038 3516 retardare,
2096 3463 2422 3523 suspendere,

1354 3533 1433 3579 vel
1466 3532 1726 3592 impedire,
1759 3532 1892 3592 quod
1926 3535 1976 3578 et
2007 3534 2058 3578 in
2102 3533 2220 3580 aliis
2244 3533 2421 3581 multis

1354 3604 1548 3652 obtinet
1582 3602 1657 3661 (V.
1683 3603 1763 3649 cit.
1787 3601 1956 3649 Const.
1986 3604 2048 3663 §g
2083 3604 2241 3663 6-37).

2520 2756 2548 2941 ξ

2502 2941 2548 2990 ,με

2533 2992 2548 3024 n

2503 3147 2508 3150 ’
2531 3137 2548 3185 ³.

2537 3200 2548 3259 ιζ

2536 3262 2548 3328 i
