2554 4004
204 6 274 67 32
621 26 750 67 vm
783 26 983 67 ranu-
957 0 1424 70 rnotxooutiu
1421 0 1723 68 ⁴²·
1752 16 1761 25 ⁴
1788 18 1821 29 “¹
1852 19 1870 26 “’

274 114 364 170 32.
406 111 496 168 Ad
536 112 780 168 tertium
819 125 1013 182 genus
1055 111 1353 182 pertinent
1394 109 1565 175 ebrii,
1606 112 1671 168 et
1709 107 2111 169 dormientes
2120 108 2249 171 De
2271 82 2551 190 ᾼὛᾞρξι

203 202 479 271 expedita
518 216 613 257 res
652 203 767 263 est;
823 200 1043 256 etenim
1099 201 1375 264 ebrietas,
1429 215 1563 255 cum
1612 199 1795 256 merit
1847 174 2128 271 perfecta,
2182 180 2479 261 mentem
2479 203 2546 267 fi

203 290 556 354 intervertit,
588 293 648 345 et
677 292 766 344 est
806 289 1096 360 quaedam
1124 290 1324 345 suavis
1365 289 1644 345 amentia.
1674 291 1751 344 At
1778 289 1828 345 si
1857 304 1972 346 non
2000 289 2174 348 inviti
2205 291 2266 347 in
2289 292 2442 348 hanc
2496 274 2554 359 {33.}

199 380 518 434 amentiam
563 378 895 441 inciderint,
949 394 1100 449 quae
1157 379 1304 434 ebrii
1360 381 1566 433 contra
1616 378 1812 447 legem
1864 378 2202 444 admittunt,
2246 380 2443 451 impu-
2468 359 2527 437 ··’-ῗ”

200 472 404 523 tantur
425 467 558 539 (19),
582 468 628 522 si
654 482 726 524 ea
750 467 1167 537 praeviderint.
1193 468 1436 523 Somnus
1458 483 1691 537 quoque
1722 467 2095 525 intellectum
2120 467 2441 539 intercipit,
2480 451 2486 508 Ϊ

201 560 263 614 et
291 558 350 612 in
380 558 703 613 dormiente
734 561 869 611 racio
899 575 999 611 non
1027 559 1170 612 habet
1197 559 1416 611 liberam
1445 558 1701 610 iudicium
1720 555 1836 628 (20)
1858 574 1870 621 ;
1896 557 2027 612 ideo
2049 572 2158 619 nec
2187 572 2258 614 ea
2285 571 2440 629 quae

200 647 491 702 dormiens
531 647 688 710 dicit,
721 661 828 701 nec
870 662 942 702 ea
982 663 1133 717 quae
1177 647 1335 711 facit,
1380 646 1521 700 vitio
1558 645 1872 701 tribuenda
1913 649 2068 710 sunt,
2111 646 2253 701 licet
2293 661 2439 701 som·
2499 687 2501 690 <
2552 687 2554 690 <

199 737 510 791 nambulus
552 734 698 791 haec
743 736 1088 806 i'aciat(21);
1131 736 1267 791 dum
1314 750 1386 789 ne
1428 735 1603 805 culpa
1645 734 1823 790 fuerit
1866 736 1924 791 in
1953 750 2132 791 causa
2163 734 2295 808 (22).
2327 734 2443 793 Sed
2502 737 2554 780 3⁷

198 829 260 879 et
300 840 372 880 ea
413 841 564 896 quae
608 827 745 881 facit
786 827 923 880 dum
964 825 1228 893 evigilat,
1261 825 1369 880 etsi
1406 826 1504 879 illa
1551 824 1815 878 nonnihil
1856 824 2310 888 animadvertat,
2339 823 2441 880 vix

196 920 303 978 est,
331 920 435 970 aut
468 932 539 972 ne
571 916 668 969 vix
698 915 933 986 quidem
964 919 1071 977 est,
1103 916 1169 969 ut
1201 914 1474 983 imputari
1522 913 1764 983 possint:
1796 913 2027 969 scilicet
2057 913 2115 968 in
2156 913 2249 968 his
2287 926 2441 985 quae
2495 963 2507 970 .
2548 906 2554 909 ”

199 1004 503 1059 moraliter
542 1005 934 1060 aestimantur
963 1006 1237 1057 minimum
1271 1019 1368 1072 pro
1412 1004 1569 1055 nihilo
1611 1009 1890 1073 reputatur
1915 1001 2047 1075 (23).

521 1204 667 1256 ΛΚΤ.
710 1202 803 1254 111.
846 1203 921 1254 De
961 1202 1253 1252 diversitate
1281 1214 1636 1268 personarum
1676 1200 1845 1267 quoad
1882 1204 2119 1252 aetatem.

269 1369 360 1423 33.
388 1368 618 1422 Aetatis
651 1369 881 1421 nostrae
912 1370 1033 1420 tres
1065 1364 1365 1435 praecipui
1408 1366 1545 1419 sunt
1575 1364 1795 1432 gradus
1827 1362 1905 1436 (1)
1940 1363 2207 1428 infantia,
2238 1362 2440 1428 maior,

197 1460 259 1513 et
287 1458 473 1512 minor
500 1460 681 1513 aetas
714 1458 911 1523 Infans
940 1458 1151 1510 natura
1179 1454 1411 1517 dicitur,
1441 1455 1539 1523 qui
1583 1454 1839 1508 nondum
1881 1468 2025 1508 suae
2067 1452 2282 1509 mentis
2321 1454 2443 1516 estz

200 1548 327 1605 iure
381 1547 480 1618 qui
533 1547 786 1601 nondum
835 1544 1148 1614 septimum
1205 1542 1312 1614 (2);
1370 1546 1537 1595 maior
1590 1543 1744 1611 quod
1799 1543 1875 1598 ad
1932 1541 2135 1596 civilia
2188 1541 2443 1611 negocia

204 1788 440 1835 Christus
479 1782 748 1835 (Chardon.
789 1780 996 1828 Potestct
1035 1782 1271 1833 tutelare,

195 1872 244 1905 n.
276 1858 399 1908 214).
433 1858 779 1902 Nihilominus
810 1851 1016 1911 quidam
1042 1850 1269 1896 hodierni

200 1927 527 1989 psychiatrici
567 1925 847 1978 (alieniste')
891 1922 1174 1967 dementiae
1221 1924 1269 1965 et

201 1999 448 2046 amentiae
484 1996 711 2043 eamdem
760 1996 864 2040 vim
896 2007 1008 2039 esse
1057 1995 1263 2038 conten-

199 2070 342 2124 dunt,
365 2069 460 2115 rati
480 2080 739 2127 nunquam
762 2079 822 2110 ex
839 2068 980 2125 parte
1000 2063 1267 2109 dumtaxat

196 2140 330 2187 laedi
363 2151 608 2199 organum
643 2137 851 2182 virtutis
891 2135 1268 2195 imaginativae.

193 2210 337 2268 Quod
370 2211 413 2257 si
448 2222 625 2255 verum
659 2213 751 2261 est,
786 2220 960 2253 amens
995 2205 1124 2251 nihil
1160 2205 1266 2264 agit

196 2294 287 2328 nec
322 2281 589 2327 momentis
617 2279 804 2338 quibus
833 2278 981 2336 sapit.
1004 2275 1264 2335 Amplius;

195 2353 298 2403 alii,
331 2365 421 2397 nec
455 2349 716 2409 ignobiles,
739 2362 830 2394 nec
854 2348 1142 2406 irreligiosi,
1172 2359 1264 2392 no-

198 2435 311 2467 vam
335 2422 637 2467 detexerunt
656 2419 1006 2465 monomaniae
1030 2419 1265 2478 speciem,

195 2493 391 2552 quaein
413 2491 723 2536 voluntatem
744 2502 857 2536 cum
881 2489 1072 2549 primis,
1091 2490 1261 2540 immo,

198 2568 255 2609 ut
285 2563 516 2609 nonnulli
552 2576 612 2607 ex
642 2563 714 2607 eis
750 2563 947 2620 putant,
979 2559 1266 2614 dumtaxat,

195 2635 298 2680 vim
330 2634 521 2679 exserit
554 2646 725 2683 suamz
759 2644 930 2691 quam,
963 2630 1082 2689 quia
1112 2630 1267 2675 animi

195 2704 566 2764 aegritudinem
602 2703 748 2762 parit,
794 2705 1137 2758 lipemam‘am
1175 2713 1264 2745 vo-

195 2778 326 2821 cant.
344 2774 496 2827 Haec,
513 2776 680 2819 mente
694 2771 898 2832 quidem
919 2773 1129 2830 integra,
1144 2770 1267 2817 adeo

195 2846 506 2892 voluntatem
527 2848 750 2898 enervat,
770 2842 1015 2897 debilitat,
1054 2845 1110 2888 ut
1142 2855 1267 2901 pene

194 2921 382 2962 enecet:
412 2930 526 2962 nam
559 2917 646 2975 qui
670 2929 727 2961 ea
749 2913 944 2961 laborat
966 2927 1064 2959 non
1100 2916 1268 2972 potest

196 2987 247 3031 id
281 2986 413 3046 quod
444 2986 553 3031 vult
586 2986 732 3038 nolle,
766 2989 855 3030 aut
887 2984 939 3030 id
972 2984 1102 3030 velle
1131 2982 1261 3043 quod

196 3070 295 3102 non
321 3057 445 3109 vult,
470 3058 587 3102 licet
626 3056 772 3115 probe
796 3055 1051 3115 intelligat
1083 3069 1137 3101 se
1160 3069 1265 3100 rem

195 3128 418 3178 noxiam,
454 3128 528 3171 vel
568 3128 799 3173 illicitam
834 3126 1007 3172 facere.
1042 3127 1266 3184 Quorum

193 3197 413 3256 primum
440 3198 595 3242 salvis
633 3196 875 3246 moribus,
896 3197 1005 3251 vix3
1033 3198 1266 3251 alterum,

199 3267 343 3313 salva
357 3266 471 3319 fide,
489 3281 549 3312 ne
570 3269 654 3313 vix
671 3267 872 3325 quidem
895 3269 1096 3313 admitti
1117 3280 1267 3328 posse

198 3337 413 3383 videtur.
438 3337 688 3383 Nolumus
711 3336 894 3383 abduci
912 3339 1155 3384 doctrinis
1180 3350 1269 3384 va-

196 3412 295 3454 riis
330 3414 378 3456 et
399 3412 708 3467 pereyrima.

267 3481 317 3524 19
339 3482 457 3526 Ant.
478 3480 619 3525 Matt.
640 3481 832 3534 Prozey.
859 3479 932 3525 De
961 3481 1174 3526 Crimin.
1201 3479 1262 3534 II,

202 3551 267 3595 13.
294 3552 500 3596 Renazz.
529 3552 564 3602 l,
586 3549 648 3602 V,
676 3550 741 3592 12.

258 3621 316 3664 20
334 3621 390 3666 D.
408 3620 527 3666 Tho.
545 3621 588 3674 2,
605 3620 648 3672 2,
673 3620 770 3674 154,
785 3619 896 3665 5.In
916 3633 1089 3665 somno
1108 3620 1265 3679 phan-

198 3691 334 3736 tasia
356 3691 628 3749 praevalet,
652 3693 739 3736 aut
772 3690 953 3736 saltem
988 3702 1091 3738 non
1112 3702 1265 3747 prae-

1369 1778 1511 1823 valet
1529 1777 1846 1828 intellectus,-
1871 1779 2009 1823 unde
2029 1777 2178 1822 homo
2209 1777 2445 1836 sequitur

1369 1849 1826 1904 apprehensionem
1856 1848 2254 1903 phantasticam
2286 1848 2445 1906 quaet

1366 1931 1542 1965 veram
1577 1917 1652 1973 (D.
1679 1917 1798 1963 Tho.
1822 1918 1898 1963 De
1925 1918 2144 1971 Somnia,
2178 1917 2304 1964 Sect.
2335 1915 2440 1976 VI).

1429 1989 1479 2034 21
1518 1989 1673 2038 Clem.
1706 1988 1799 2035 Un.
1831 1989 1904 2035 De
1935 1991 2128 2037 Bomio.
2159 1987 2219 2036 V.
2243 1987 2443 2054 §chen-

1368 2060 1529 2105 kium.
1561 2061 1759 2106 Observ.
1794 2060 1977 2106 Medic.
2011 2058 2118 2105 Lib.
2158 2060 2196 2115 l,
2231 2058 2327 2106 Tit.
2365 2045 2444 2108 115

1369 2133 1629 2178 Noceamb.
1650 2130 1929 2177 Horstium.
1950 2131 2025 2178 De
2042 2131 2307 2177 Noceamb.
2329 2129 2436 2180 Sci·

1369 2201 1488 2248 lieet
1519 2215 1648 2248 usus
1679 2202 1904 2247 racionis
1925 2202 2095 2258 mayis
2117 2199 2339 2261 quidem,
2358 2201 2438 2249 vel
2474 2199 2478 2203 ⁴
2518 2194 2524 2201 ⁸

1369 2276 1546 2319 minus
1566 2275 1850 2329 impeditur
1872 2274 1928 2318 in
1951 2274 2284 2325 dormiendm·
2304 2282 2465 2321 ‹rem-s
2532 2287 2535 2289 ·

1362 2358 1460 2402 per
1497 2349 1671 2391 tamen
1702 2347 1959 2401 quantum
1996 2346 2068 2389 ad
2103 2343 2308 2401 aliquid
2337 2343 2435 2389 tm
2462 2348 2466 2356 ’
2499 2335 2554 2405 ⁶3}

1358 2418 1572 2473 peditur
1592 2420 1654 2461 uc
1670 2427 1773 2462 non
1786 2417 1959 2472 possit
1983 2417 2191 2460 omnino
2218 2415 2439 2462 liberum
2463 2430 2467 2437 ²
2509 2408 2554 2473 ᾗῇ

1369 2489 1623 2534 indicium
1655 2487 1841 2533 habere
1875 2485 1955 2542 (D.
1989 2484 2111 2531 Tho.
2131 2484 2174 2539 2,
2197 2483 2368 2540 2154,
2389 2483 2446 2537 5,

1369 2557 1431 2603 ad
1466 2559 1510 2603 2.
1544 2557 1674 2616 Lug.
1698 2557 1773 2603 De
1801 2558 2036 2602 Sacram.
2058 2556 2105 2608 8,
2129 2554 2226 2600 106.

1429 2630 1486 2672 22
1520 2628 1726 2674 Renazz.
1761 2626 1797 2680 1,
1822 2625 1954 2679 VIII,
1977 2625 2018 2670 9.
2048 2624 2219 2670 Veluti
2252 2624 2299 2671 si
2330 2636 2429 2671 ml-

1366 2699 1469 2744 trix
1503 2700 1556 2743 in
1584 2709 1761 2743 somno
1786 2695 2028 2741 infantem
2053 2694 2376 2754 oppresserit.

1428 2770 1485 2813 23
1504 2769 1560 2813 D.
1586 2767 1706 2814 Tho.
1728 2767 1771 2821 2,
1795 2767 1834 2820 2,
1860 2766 1938 2820 62,
1956 2767 1985 2810 2
2009 2779 2051 2812 ο.
2076 2768 2115 2810 4.
2140 2764 2214 2811 Ibi
2237 2777 2300 2811 ex
2323 2765 2437 2812 Ari·
2463 2787 2466 2790 ·
2503 2767 2506 2769 ’

1368 2843 1503 2893 stot.‚
1525 2841 1667 2889 Quod
1686 2841 1942 2884 modicum
1960 2840 2107 2884 deest
2119 2837 2256 2882 nihil
2271 2838 2440 2884 deesse
2463 2858 2466 2862 ⁴
2515 2816 2554 2895 γε]

1367 2914 1584 2957 videtur.
1609 2909 1723 2955 Iure
1745 2920 1943 2968 quoque
1967 2907 2105 2953 civili
2128 2909 2263 2965 quod
2275 2905 2439 2964 parm·
2493 2928 2523 2979 ‚J

1367 2982 1531 3040 refert
1546 2982 1676 3027 nihil
1691 2978 2109 3037 refertfflrisson.
2138 2977 2471 3038 Vocab.lur.·;
2539 3045 2541 3054 Ι

1370 3054 1423 3099 V.
1451 3055 1650 3107 Parvi).
1671 3051 1867 3110 Utputa
1889 3051 1932 3095 si
1967 3049 2130 3094 minor
2152 3047 2203 3092 in
2233 3049 2435 3097 eontra-

1370 3123 1534 3170 heudo
1555 3122 1746 3169 modice
1764 3121 1935 3167 laesus
1954 3120 2051 3165 fuit
2069 3118 2144 3177 (L.
2168 3119 2184 3163 l
2209 3118 2283 3165 De
2298 3117 2436 3165 Rest.

1369 3198 1423 3241 in
1454 3195 1597 3252 int.).·
1623 3193 1666 3238 si
1691 3193 1743 3238 in
1766 3191 2063 3238 recitatione
2086 3188 2250 3241 officii,
2274 3188 2327 3234 in
2349 3192 2439 3234 au'·

1368 3266 1559 3311 ditione
1594 3265 1781 3309 missae
1806 3259 2061 3307 modicum
2083 3257 2276 3318 aliquid
2309 3257 2436 3304 omi·

1367 3337 1510 3382 seris.

1427 3479 1454 3522 2
1488 3479 1541 3523 L.
1579 3479 1630 3522 14
1665 3477 1740 3524 De
1778 3474 2061 3532 Sponsalib
2102 3469 2219 3517 Ideo
2263 3469 2319 3515 in
2355 3465 2440 3513 his

1368 3563 1495 3610 quae
1521 3548 1581 3595 ad
1603 3549 1764 3607 legem
1782 3543 2064 3592 naturalem
2082 3540 2338 3602 pertinent
2353 3537 2436 3583 in-

1369 3620 1528 3666 fantia
1546 3633 1606 3664 ex
1628 3618 1845 3672 ratione3
1864 3617 1915 3661 in
1938 3614 2019 3659 his
2038 3623 2166 3672 quae
2184 3607 2441 3670 pertinent

1369 3691 1432 3736 ad
1458 3691 1592 3750 leges
1616 3689 1867 3734 humanas
1892 3686 1986 3731 a7⁰
2008 3695 2087 3729 an.
2112 3679 2436 3733 aestimatum

1432 3404 1912 3455 ivDMThim,
1949 3359 2469 3480 n.‚.‚27q23.a.2.··3

2508 3751 2554 3780 ,Αἵ-

2488 3869 2554 3925 ,ΫᾈᾹ

2459 3934 2505 3954 ’.μ
