2548 4042
153 54 251 112 ¹86
575 71 702 110 »Ans
726 71 880 111 rmus
903 83 931 96 -
952 72 1320 112 rnontcoumu
1345 82 1372 96 -
1393 52 1745 119 meritum!
1767 0 2421 136 momufflffeqssij

145 156 392 212 tertium
431 155 666 210 demum
707 169 861 225 quae
890 170 965 211 ex
989 157 1072 210 his
1106 155 1573 221 ratiocinatione,
1602 158 1666 213 et
1692 157 2180 231 plerumque-nec
2207 137 2440 234 ριόᾓᾶἷζ,
2498 171 2542 224 ‘ff-Q

145 261 255 300 nec
280 243 455 306 sacili,
478 243 878 299 deducuntur:
901 244 1004 300 illa
1027 234 1382 309 immediata,
1407 245 1521 301 ista
1545 246 1803 302 mediata
1823 245 2127 304 evidentia
2149 238 2389 319 pollent,
2420 235 2548 327 ''f-'⁴32

143 335 290 388 haec
322 336 534 387 neutra
570 331 676 404 (8);
722 333 972 404 ideoque
1002 337 1099 388 illa
1127 335 1426 390 neminem
1454 350 1597 391 suae
1628 335 1846 391 mentis
1883 335 2092 406 fugere
2124 339 2391 407 possunt:
2423 326 2437 336 ⁴
2496 343 2548 387 *ε

144 426 247 476 isca
288 423 581 477 neminem
625 423 833 492 fugere
874 425 1236 493 regulariter
1283 425 1606 480 tenendum
1649 427 1737 480 est
1776 424 1880 499 (9):
1925 427 1987 481 at
2024 427 2145 481 luceo
2176 429 2239 482 ut
2267 426 2396 497 plu·
2427 454 2463 485 ρ

146 513 355 566 rimum
405 513 765 567 subobscura
813 517 971 577 sunt,
1014 517 1075 569 et
1124 515 1475 585 quandoque
1526 515 1704 570 etiam
1756 515 2242 585 prudentissimos
2289 515 2395 572 fal·
2527 508 2537 516 ’

149 600 295 663 lunt,
339 604 400 655 et
441 602 497 655 hi
541 602 639 671 qui
684 603 831 657 haec
873 618 1107 674 quoque
1150 604 1466 658 manifesta
1507 618 1637 659 esse
1680 605 1907 668 docent,
1950 607 2011 660 et
2050 602 2271 673 grandi
2301 619 2396 660 su-

150 690 392 760 percilio
434 691 663 756 docent,
706 692 1015 747 insaniunt
1055 692 1188 763 (10).

230 782 348 834 194.
392 781 631 835 Demum
673 784 762 836 est
805 783 1198 838 immutabile:
1252 783 1405 838 idest
1448 783 1586 837 huic
1619 783 1744 853 ¹juri
1794 799 1903 839 nec
1941 784 2238 854 abrogari,
2285 797 2397 840 nec

149 869 445 939 derogari,
500 886 609 926 nec
664 874 991 942 subrogari,
1034 889 1145 928 nec
1193 875 1467 942 obrogari
1509 889 1768 943 unquam
1809 874 2025 943 potest:
2070 875 2132 929 et
2181 873 2397 929 nedum

149 962 434 1024 absolut0,
477 963 629 1033 quod
672 979 777 1032 per
817 980 879 1018 se
923 966 1115 1033 patet;
1156 964 1257 1019 sed
1303 980 1411 1019 nec
1455 964 1811 1034 hypoteticO,
1864 979 1977 1033 quo
2018 963 2285 1019 homines
2323 963 2400 1019 ad

149 1051 404 1106 invicem
432 1052 776 1106 ordinantur
794 1051 932 1123 (ll);
958 1053 1173 1123 quippe
1199 1069 1314 1123 quo
1343 1054 1650 1108 immutato
1672 1053 1869 1108 omnia
1893 1054 2400 1123 perturbarentur.

149 1139 543 1195 Nihilominus
594 1145 780 1210 potest
824 1142 882 1196 in
926 1158 1066 1198 casu
1106 1143 1304 1213 aliquo
1344 1143 1584 1213 speciali
1630 1142 1780 1197 solvi
1826 1143 1977 1212 legis
2019 1142 2302 1212 obligatio
2341 1142 2404 1197 in

151 1232 259 1293 his,
290 1246 442 1301 quae
471 1232 546 1285 ad
576 1232 759 1285 vitam
801 1235 862 1287 et
903 1248 999 1287 res
1043 1237 1271 1287 nostras
1313 1233 1632 1302 pertinent,
1665 1233 1896 1302 quoties
1939 1233 1995 1286 id
2039 1232 2229 1302 exigit
2269 1246 2404 1287 cou-

154 1320 416 1376 servatio
444 1321 578 1373 boni
610 1322 933 1374 communis
959 1321 1097 1390 (12);
1128 1322 1230 1376 sed
1260 1323 1334 1376 ab
1365 1323 1454 1376 his
1485 1324 1715 1376 tantum
1748 1323 1807 1375 in
1836 1323 2404 1393 quorum-potestate

153 1410 279 1465 vita
307 1412 366 1465 et
398 1425 494 1464 res
523 1412 760 1464 nostrae
791 1410 1174 1465 continentur
1202 1410 1348 1465 solvi
1382 1413 1586 1480 potest.
1617 1413 1795 1465 Immo
1826 1412 1884 1465 in
1924 1412 2014 1467 his
2042 1427 2195 1482 quae
2222 1414 2294 1465 ad
2322 1427 2410 1466 res

159 1503 390 1555 nostras
409 1499 709 1568 pertinent
733 1499 963 1555 solvere
989 1503 1229 1569 possunt
1253 1501 1451 1564 etiam,
1472 1501 1705 1569 legibus
1735 1501 1890 1566 latis,
1909 1500 2149 1556 humani
2172 1501 2410 1571 legisla-
2503 1517 2510 1524 ·

156 1592 314 1644 tores
355 1589 585 1659 quoties
625 1591 733 1643 aut
760 1589 994 1659 publice
1038 1590 1431 1644 necessarium
1464 1592 1570 1653 est,
1600 1592 1706 1644 ant
1735 1591 1970 1660 publice
1999 1589 2237 1661 expedit
2263 1588 2407 1662 (13):

1340 1759 1399 1814 ΙΙ,
1434 1761 1508 1815 32,
1540 1761 1613 1814 32,
1652 1761 1915 1806 innoxium
1961 1773 2188 1820 prorsus.
2227 1760 2415 1807 Utrum

1339 1837 1641 1879 contractus
1667 1835 1839 1879 trinus
1869 1833 2044 1879 licitus
2066 1832 2152 1889 ¹sit,
2175 1844 2239 1879 an
2264 1830 2414 1878 illici·

1340 1906 1442 1957 tus,
1475 1903 1540 1947 lis
1574 1907 1653 1948 est
1685 1903 1854 1948 adhuc
1888 1902 1983 1949 sub
2008 1901 2194 1963 J'udice.

217 1763 246 1806 8
269 1762 330 1808 D.
362 1762 484 1807 Tho.
515 1762 553 1815 1,
575 1761 617 1815 2,
640 1762 713 1806 94.
739 1763 843 1807 ΑΑ.
870 1763 912 1815 4,
937 1762 978 1807 6.
1009 1760 1076 1806 Ut
1108 1760 1231 1806 haec

164 1833 209 1877 1⁰
227 1834 391 1878 Deum
416 1833 537 1883 cole,
555 1834 777 1892 teipsum
798 1846 958 1885 serva,
977 1832 1229 1876 neminem

156 1904 324 1958 laede;
348 1903 399 1948 2⁰
421 1918 521 1949 non
549 1902 943 1961 blasphemabis,
965 1916 1065 1947 non
1088 1906 1136 1947 te
1160 1902 1234 1947 in-

160 1977 385 2030 terimes,
417 1989 516 2021 non
561 1974 835 2027 furaberis3
870 1978 919 2018 et
951 1974 1233 2032 generatim

162 2048 334 2093 omnia
378 2046 602 2105 decalogi
643 2048 927 2105 praecepta.
965 2045 1013 2089 3⁰
1050 2044 1233 2089 Utrum

164 2121 311 2164 vacet
333 2118 552 2164 simonia
585 2117 634 2162 in
660 2116 921 2162 beneficiis
957 2115 1236 2174 redemptio

162 2189 451 2234 vexationis
500 2187 719 2247 iniquae,
774 2190 946 2231 utrum
991 2186 1236 2244 naufrago

162 2259 314 2306 liceat
347 2259 494 2304 alteri
518 2258 765 2316 naufrago
788 2255 1018 2302 tabulam
1048 2256 1238 2312 cedere,

165 2335 337 2375 utrum
371 2342 560 2375 usurae
595 2329 701 2373 sint
733 2328 916 2373 licitae.

222 2401 251 2444 9
285 2400 341 2445 V.
382 2401 429 2447 S.
467 2400 611 2459 Alph.
655 2399 694 2453 Ι,
742 2399 836 2452 170,
882 2400 1238 2455 Βεραζανίίεν,

164 2485 282 2519 nam
319 2471 504 2517 alicubi
530 2476 578 2515 et
605 2471 729 2516 haec
754 2471 1165 2526 interverterunt,
1191 2473 1241 2514 et

165 2543 316 2590 hodie
355 2556 481 2603 pene
522 2542 707 2603 ubique
750 2544 1094 2588 intervertunt
1126 2556 1236 2588 cor-

166 2615 307 2675 rupti
348 2615 581 2673 gentium
626 2628 807 2667 mores,
852 2617 902 2658 et
944 2615 1239 2673 opinionum

166 2689 453 2732 commenta
492 2689 542 2730 et
574 2686 820 2740 mayistrz·
854 2688 1089 2731 docentes
1119 2698 1237 2742 per-

167 2771 321 2805 versa
355 2762 416 2802 ut
445 2759 714 2802 abducant
739 2758 1018 2812 discipulos
1032 2761 1153 2812 post
1174 2770 1239 2802 se.

233 2830 287 2874 10
322 2828 378 2873 V.
414 2827 464 2874 S.
498 2827 648 2887 Alph.
682 2827 713 2873 1.
748 2840 805 2882 c.,
839 2826 886 2872 S.
921 2830 1050 2885 Aug.
1076 2826 1240 2881 refert,

168 2900 440 2961 quemdam
460 2898 781 2953 Antiochiae,
800 2897 863 2943 ad
882 2910 1055 2943 necem
1080 2898 1241 2942 vitan·

170 2973 302 3025 dam,
352 2972 497 3016 alteri
548 2970 844 3029 permisisse
894 2982 1017 3014 suae
1066 2968 1242 3012 uxoris

171 3057 347 3089 usum:
372 3058 423 3087 re
448 3045 667 3093 narrata,
696 3042 886 3100 inquit:
910 3042 1056 3085 Nihil
1080 3041 1162 3085 hie
1189 3040 1244 3083 in

170 3117 395 3161 alteram
411 3118 622 3170 partem
643 3115 859 3169 disputo,
886 3114 1041 3158 liceat
1060 3112 1245 3166 cuique

171 3188 455 3233 aestimare
487 3188 621 3242 quod
654 3186 778 3231 velit
811 3182 938 3238 (Lib.
966 3183 980 3226 l
1012 3183 1087 3228 De
1120 3181 1241 3226 Ser-

172 3270 306 3302 mon.
337 3258 476 3300 Dom.
510 3256 629 3314 Cap.
664 3256 755 3312 29).
786 3255 832 3300 S.
856 3255 1077 3298 Joannes
1102 3251 1245 3299 Chri-

173 3331 296 3374 sost.
321 3326 495 3371 laudat
520 3327 799 3378 mulierem,
825 3323 976 3384 quod,
1001 3324 1107 3367 viro
1130 3335 1247 3367 con-

173 3399 440 3449 sentiente,
465 3397 700 3441 servandi
725 3398 834 3455 ejus
859 3409 1026 3446 causa,
1046 3392 1244 3438 adulte—

176 3473 250 3517 rio
267 3484 322 3515 se
335 3471 669 3528 exsposuerat
688 3470 798 3525 (Ap.
816 3467 1019 3512 Sixtum
1040 3465 1247 3510 Senens.

174 3543 413 3590 Biblioth.
440 3542 637 3584 Sancta
656 3537 761 3582 Lib.
781 3538 825 3587 5,
851 3537 928 3581 Ad
951 3550 1026 3581 an.
1053 3534 1251 3591 89)..1u-

175 3627 286 3659 rare
309 3625 397 3672 per
428 3610 781 3655 intemeratam
805 3607 1053 3665 Deiparae
1085 3606 1245 3664 virgi-

176 3685 391 3729 nitatem
426 3681 580 3728 Sotus
603 3682 654 3723 et
675 3679 877 3725 Covarr.
901 3677 1175 3723 nefandum
1201 3679 1252 3720 et

178 3753 535 3813 blasphemum
570 3751 777 3809 putant;
810 3747 1048 3793 Sanchez.
1082 3745 1250 3793 Decal.

1407 1975 1452 2019 ιι
1492 1973 2036 2031 n.'1·h0.1‚2‚94‚5;
2076 1974 2235 2030 100‚8
2274 1972 2339 2020 ad
2371 1973 2414 2019 3.
2476 2013 2491 2028 ,
2541 2004 2548 2020 .

1404 2045 1460 2090 12
1493 2045 1551 2090 D.
1587 2045 1708 2090 Tho.
1742 2045 1785 2099 2,
1811 2045 1853 2098 2,
1884 2045 1979 2101 100,
2002 2045 2045 2090 8.
2061 2045 2127 2090 Et
2149 2046 2201 2090 in
2233 2042 2415 2104 primis

1343 2116 1543 2176 quoties
1578 2115 1698 2161 ordo
1733 2129 1762 2160 a
1794 2114 1899 2160 Deo
1931 2116 2247 2160 constitutus
2287 2113 2418 2160 alias

1346 2187 1508 2245 magis
1546 2185 1943 2231 subverteretur.
1974 2185 2106 2231 Hinc
2137 2185 2272 2240 licet,
2294 2198 2342 2231 v.
2377 2197 2420 2232 c.

1345 2256 1582 2302 creditori
1606 2270 1666 2300 ex
1684 2258 1830 2315 justa
1862 2270 2033 2309 causa,
2066 2254 2263 2302 occulta
2285 2266 2421 2318 com-q

1345 2328 1641 2388 pensatione
1666 2328 1742 2372 uti
1761 2341 1772 2381 3
1795 2327 1848 2372 in
1866 2329 2094 2372 extrema
2115 2326 2422 2372 necessitate

1345 2399 1518 2451 furari,
1556 2398 1782 2444 occidere
1826 2397 2003 2443 tuendi
2044 2398 2126 2443 sui
2160 2410 2318 2444 causa
2347 2396 2425 2442 in-

1340 2471 1541 2529 justum
1578 2470 1711 2514 vitae
1746 2481 2116 2527 aggressorem;
2139 2471 2204 2523 et,
2226 2467 2309 2513 his
2330 2467 2422 2527 qui

1347 2541 1522 2599 Remp.
1561 2539 1901 2591 moderantur,
1937 2538 2065 2584 bello
2089 2538 2150 2584 ab
2182 2537 2420 2584 hostibus

1348 2626 1402 2657 se
1426 2610 1710 2662 defendere,
1733 2613 1782 2654 et
1805 2609 2046 2654 scelestos
2076 2607 2302 2655 occidere
2326 2607 2421 2655 da·
2443 2598 2467 2620 *⁵

1347 2687 1458 2727 tum
1494 2684 1572 2728 est
1606 2681 1785 2734 (Levit.
1821 2680 1896 2731 20,
1929 2681 1969 2733 9,
2005 2682 2136 2738 etc).

1414 2754 1467 2797 13
1499 2753 1575 2797 Ex
1611 2752 1662 2796 L.
1688 2753 1716 2795 6
1743 2753 1816 2798 De
1840 2753 1968 2796 Just.
1993 2755 2039 2796 et
2059 2752 2171 2797 Jur.
2195 2750 2253 2796 V.
2278 2750 2426 2797 Suar.

1348 2824 1409 2877 ΙΙ,
1450 2824 1516 2875 14,
1546 2824 1612 2868 12.
1637 2823 1767 2868 Hinc
1796 2821 1858 2867 ab
1883 2822 2123 2867 humanis
2155 2821 2422 2880 legislato-

1348 2895 1489 2940 ribus
1513 2893 1852 2952 usucapiones
1878 2892 2216 2947 introductae,
2237 2895 2288 2936 et
2310 2905 2420 2937 ser·

1350 2966 1541 3010 vitutes
1603 2963 1940 3023 praediorum,
1995 2962 2214 3008 rescissa
2271 2965 2425 3022 pacta

1349 3038 1615 3088 conventa,
1652 3038 1990 3080 commutatae
2023 3045 2295 3092 supremas
2330 3032 2420 3077 de-

1349 3108 1640 3152 functorum
1679 3105 1983 3158 voluntates,
2028 3107 2119 3149 etc.
2163 3105 2234 3149 At
2281 3102 2424 3149 solus

1350 3178 1488 3222 Deus
1522 3177 1820 3235 dispensare
1855 3179 2022 3235 potest
2055 3173 2191 3235 quod
2226 3173 2290 3219 ad
2325 3173 2420 3220 ho-

1352 3248 1615 3294 micidium
1652 3247 1791 3302 (Gen.
1830 3247 1906 3302 22,
1941 3247 1989 3301 23
2030 3245 2053 3289 I
2085 3245 2205 3305 Reg.
2246 3245 2312 3298 15,
2353 3243 2427 3302 3);

1350 3319 1542 3364 furtum
1571 3318 1745 3364 ¹Exod.
1778 3320 1840 3373 ll,
1867 3318 1930 3374 2),
1961 3316 2273 3374 adulterium
2306 3313 2426 3366 (Ose

1354 3391 1388 3436 1.
1423 3389 1478 3434 V.
1514 3389 1571 3436 D.
1595 3390 1714 3435 Tho.
1757 3390 1791 3444 l,
1824 3389 1866 3442 2,
1900 3389 1975 3442 94,
2007 3389 2054 3442 5,
2088 3385 2151 3432 ad
2185 3385 2249 3443 2).
2282 3385 2350 3431 Et
2381 3385 2429 3432 si

1354 3461 1758 3507 moderatoribus
1773 3460 1999 3506 civitatis
2017 3459 2136 3504 licet
2150 3455 2430 3516 bellojmto

1354 3532 1611 3586 dimicare,
1636 3535 1685 3577 et
1710 3530 2056 3576 malefactores
2081 3527 2319 3579 occidere,
2348 3524 2425 3571 al-

1355 3599 1618 3647 terum'ex
1645 3603 1757 3662 jure
1792 3600 2100 3646 defensionis
2133 3597 2204 3655 (n.
2235 3596 2322 3652 12),
2350 3595 2428 3642 al·

1356 3676 1521 3718 terum
1546 3686 1604 3718 ex
1636 3674 1890 3732 potestate
1914 3671 1987 3716 eis
2014 3685 2042 3715 a
2064 3669 2169 3713 Deo
2193 3667 2429 3713 nomina-

1355 3745 1448 3790 tim
1502 3756 1743 3790 concessa
1794 3742 1869 3800 (V.
1902 3740 2064 3786 Levit.
2097 3738 2171 3795 20,
2212 3738 2279 3794 19,
2316 3739 2432 3794 etc.)

2477 2807 2485 2819 ,.
2526 2822 2548 2867 ,3
