2548 4042
130 17 228 74 174
501 32 656 72 »aas
691 31 892 72 rma-

127 547 399 608 sequendo,
445 547 577 592 haud
624 560 752 599 raro,
797 551 855 592 ut
890 546 938 594 S.
969 547 1196 607 Gregorii

130 620 192 665 M.
221 618 388 665 verbis
419 622 547 669 utar,
571 620 741 665 animia
773 620 1063 666 subtilitate
1093 620 1199 675 sal-

131 693 329 736 lientur.
369 691 436 735 In
482 692 695 747 lembus,
739 692 823 736 ait.
869 689 1051 736 lustin.
1091 696 1119 744 ,ξ
1155 693 1198 737 7.

130 762 204 807 De
237 762 428 807 Fidele.
477 762 649 808 her-ed.
677 787 698 797 -
725 765 896 818 mayie
942 763 1194 820 simplici·

132 840 230 886 tae,
252 845 413 890 quam
433 833 720 890 difficultas
735 834 921 890 placet.
943 859 964 869 -
986 833 1083 879 Sed
1109 846 1197 878 nec

127 916 190 951 ex
240 906 412 960 rioci-e
449 907 597 962 juris
650 904 1054 950 ratiocinandum
1104 907 1200 957 est,

129 976 319 1036 quippe
354 974 447 1021 hoc
480 973 664 1020 durum
693 980 773 1020 est
804 988 1019 1034 semper,
1042 978 1091 1019 et
1123 975 1197 1019 in·

125 1044 328 1091 terdum
352 1050 432 1091 est
455 1045 720 1104 injustum.
754 1047 810 1091 1η
842 1047 1098 1099 omnibus,
1122 1045 1197 1091 ait

123 1114 318 1163 Paulus
350 1114 386 1161 J.
411 1116 480 1168 C.‚
503 1118 738 1162 maoei‘me
770 1120 948 1163 tamen
981 1118 1197 1173 injure,

123 1190 366 1246 aequitas
382 1190 664 1244 spectanda
680 1191 755 1233 est
771 1186 843 1240 (L.
861 1187 934 1240 91,
952 1189 1020 1234 De
1042 1190 1096 1233 R.
1115 1190 1195 1234 1.).

123 1256 311 1303 Verum
341 1257 402 1302 de
435 1256 518 1302 his
542 1270 671 1317 quae
696 1258 985 1303 consistunt
1013 1258 1063 1303 in
1088 1258 1196 1303 sola

122 1327 378 1388 aequitate
412 1330 544 1374 nihil
577 1331 634 1373 in
669 1332 991 1384 perpetuum.
1031 1341 1197 1385 neque

118 1401 441 1457 aenei-aliter
480 1399 701 1456 definire
739 1400 854 1444 licet
897 1398 991 1454 (Ex
1034 1397 1089 1444 L.
1128 1401 1195 1444 14.

123 1471 201 1517 De
235 1471 429 1514 Divers.
469 1476 520 1515 ee
562 1472 807 1526 tempor.).
850 1467 1195 1514 Nihilominus

120 1541 273 1587 liceat
296 1539 377 1585 his
401 1538 592 1599 regulis
614 1539 703 1593 uti,
721 1552 924 1596 semper
947 1542 1005 1584 in
1022 1541 1197 1585 dubiis

123 1614 429 1668 beniyniora
464 1609 823 1667 praeferenda
864 1615 989 1656 sunt
1022 1610 1095 1663 (L.
1137 1613 1196 1655 57

123 1684 200 1729 De
232 1683 294 1726 R.
330 1684 425 1728 Li.-
460 1685 510 1726 et
550 1684 683 1739 [eyes
722 1683 994 1738 beniynius
1031 1685 1194 1728 inter-

117 1757 416 1811 pretandae
447 1757 572 1798 sunt
592 1765 691 1810 quo
714 1764 988 1798 VOLUNTAS
1018 1765 1195 1799 earum

120 1830 456 1871 conservetur
473 1823 546 1882 (L.
575 1824 624 1866 18
649 1824 723 1870 De
742 1825 957 1880 Leyib.).·
982 1823 1195 1870 Proinde

123 1897 182 1941 in
214 1909 273 1943 re
304 1897 462 1941 dubia
499 1897 851 1951 beniyniorem
885 1899 1195 1952 interpreta-

123 1968 315 2014 tionem
349 1969 494 2024 sequi
527 1979 628 2011 non
669 1969 842 2011 minus
865 1969 1067 2023 justius
1104 1973 1196 2022 est,

121 2049 282 2095 quam
317 2049 505 2084 'rurms
539 2037 613 2084 ‹L.
657 2036 753 2089 153,
788 2038 814 2094 ἓ
849 2038 884 2090 1,
913 2038 989 2083 De
1011 2040 1063 2083 R.
1092 2039 1164 2090 L).

182 2109 242 2153 23
274 2109 329 2156 C.
356 2110 411 2153 15
435 2111 507 2155 De
531 2110 589 2153 R.
616 2111 655 2154 J.
681 2110 730 2153 in
754 2110 815 2152 6⁰.
842 2107 930 2153 Ibi.
962 2110 1092 2156 Odia
1116 2123 1195 2156 re-

121 2181 335 2236 etr-inps,
379 2179 597 2236 favores
643 2182 882 2227 convenit
921 2182 1193 2237 ampliari.

122 2249 229 2294 Hac
264 2263 329 2298 re.
353 2263 399 2296 v.
422 2263 479 2305 c.,
512 2264 626 2296 cum
661 2250 712 2294 in
748 2251 798 2298 C.
823 2252 910 2307 Ap.
938 2250 1102 2304 Sedis,
1127 2263 1193 2297 st·

122 2332 291 2366 ΜοΝιΛ
327 2322 854 2366 excommunicatione
889 2325 1194 2375 coerceatur,

119 2391 387 2436 simoniam
411 2392 843 2451 accipimusjuris
862 2394 1050 2445 divini,
1065 2406 1192 2450 quae

120 2474 237 2506 vere
271 2474 327 2507 ac
362 2464 560 2521 proprie
595 2463 812 2508 simonia
844 2468 921 2508 est
948 2463 1001 2510 (S
1041 2463 1190 2522 Alph.

121 2530 209 2584 111,
250 2533 367 2588 108).
392 2533 591 2584 Contra.
619 2547 735 2578 cum
772 2534 1034 2586 statuitur,
1058 2532 1191 2580 filios

119 2601 415 2660 illegitimos
449 2602 719 2661 legitimari
746 2618 908 2662 posse,
941 2605 985 2648 si
1011 2618 1072 2648 ex
1110 2604 1190 2648 his

122 2671 423 2732 parentibus
456 2675 564 2718 nati
597 2678 734 2727 sunt,
758 2675 843 2733 qui
879 2675 955 2719 vir
988 2677 1038 2718 et
1067 2688 1192 2719 uxor

121 2756 233 2788 esse
266 2745 556 2803 potuissent
578 2757 691 2790 cum
718 2758 803 2790 eos
833 2751 1189 2801 susceperunt,

122 2816 412 2872 suscepisse
453 2815 750 2874 accipimus,
791 2815 840 2860 in
877 2815 991 2874 jure
1037 2828 1188 2860 cano-

121 2885 249 2936 nico,
284 2887 392 2931 sive
426 2899 540 2932 cum
574 2890 818 2943 concepti,
845 2891 952 2932 sive
987 2900 1101 2932 cum
1139 2888 1187 2931 in

116 2955 281 3000 lucem
319 2958 444 3002 editi
472 2956 677 3002 fuerunt
700 2956 877 3016 <Engel
904 2955 986 3010 IV,
1015 2956 1082 3010 17,
1113 2958 1188 3012 11;

121 3025 299 3071 Sanch.
325 3026 387 3069 M.
414 3026 548 3079 VIII,
571 3028 616 3084 7,
644 3027 715 3081 19;
751 3026 890 3072 Pont.
918 3026 977 3070 M.
1010 3027 1089 3079 x1,
1113 3028 1190 3085 3);

118 3095 219 3140 nisi
246 3095 382 3140 aliud
410 3096 634 3142 moribus
659 3098 878 3156 regionis
904 3098 1038 3145 (Ben.
1058 3097 1192 3146 XIV.

116 3164 198 3211 Ad
223 3165 454 3225 Archiep.
482 3168 515 3213 S
550 3167 1022 3213 Dominici·Bullar.
1047 3167 1129 3214 To.
1154 3168 1188 3224 Ι,

117 3247 167 3280 n.
198 3234 306 3290 213)
340 3242 430 3280 aut
462 3236 658 3295 legibus
691 3237 767 3294 (V.
801 3239 855 3285 C.
884 3238 940 3284 G.
977 3239 1093 3294 3353
1128 3239 1188 3286 It.

122 3304 222 3356 180,
250 3306 350 3361 195)
384 3309 638 3352 statutum
674 3309 756 3353 sit.

179 3374 361 3421 Utrum
396 3389 514 3422 vero
554 3377 637 3422 lex
671 3379 743 3422 sit
774 3378 1079 3433 favorabilis,
1122 3394 1187 3427 an

117 3445 309 3500 odiosa,
342 3445 437 3492 hoc
470 3448 729 3492 aestimari
765 3448 912 3495 debet
937 3451 1059 3506 (nisi
1093 3451 1183 3496 Le·

116 3517 332 3575 gislator
379 3517 517 3563 aliud
551 3517 797 3572 edixerit),
840 3534 939 3565 non
981 3534 1042 3566 ex
1087 3522 1185 3567 fine

116 3587 301 3633 ultimo
333 3588 479 3648 legis,
511 3588 639 3633 alias
674 3603 847 3635 omnes
881 3591 1019 3650 leges
1062 3606 1182 3651 poe-

118 3657 262 3703 nales
287 3663 435 3703 erunt
455 3658 757 3705 favorabiles
782 3660 943 3720 (Lugo
971 3666 1044 3709 De
1063 3665 1187 3709 Fide

117 3729 194 3785 21,
226 3728 317 3786 34),
349 3730 440 3775 sed
465 3742 527 3775 ex
551 3731 764 3776 materia
786 3731 947 3788 (Suar.
976 3732 1030 3788 V,
1055 3733 1098 3788 2,
1121 3734 1185 3790 6).

1446 0 1499 12 ”··
1482 0 1587 25 c*-
1601 0 1740 24 *var
1741 0 1950 68 -ιέῡῐιῴ

864 0 1338 74 -νιιοώὀοιειην
1358 8 1746 78 namma
1719 57 1774 102 2..
1813 52 1835 63 -
1883 59 1885 63 .
1931 22 2010 47 ‘²
2038 6 2057 25 ⁹
2083 11 2097 34 '³‘

126 117 544 174 &vorabilibus
571 115 692 171 lata
714 113 851 190 (23).
874 115 1159 187 quantum
1192 113 1516 186 proprietas
1538 91 1851 174 verborum
1873 99 1977 189 per

1299 546 1515 593 Odioeee
1550 546 1708 606 igitur
1731 559 1847 594 cum
1881 535 2060 608 primis
2082 551 2206 596 sunt
2234 549 2368 598 1⁰10-

1298 630 1388 676 ges
1423 615 1688 676 poenales;
1723 617 1771 660 2⁰
1806 618 2088 672 irritantem
2126 623 2177 666 et
2205 620 2253 665 3⁰
2285 618 2372 668 de·
2431 635 2439 639 ’

1300 688 1581 746 rogatorias
1616 686 1782 741 (Suar.
1827 701 1875 734 n.
1917 689 2001 746 15).
2049 690 2122 736 De
2161 689 2244 738 his
2285 704 2374 752 po-

1300 758 1506 802 stremis
1541 762 1711 803 autem
1748 758 1923 818 regula
1962 762 2041 805 est
2069 782 2091 795 -
2118 762 2253 819 leae-r
2276 772 2370 820 po·

1300 832 1542 876 seer-iores
1582 833 1653 875 ad
1680 831 1886 887 prior-es
1919 833 2207 879 trahendae
2245 836 2370 880 eunt

1302 899 1370 950 (L.
1393 900 1463 943 26,
1486 902 1559 948 De
1588 901 1803 959 !.eyib.),·
1828 899 1959 946 idest
1976 914 2091 947 cum
2116 900 2371 961 prioribus

1299 974 1549 1030 quantum
1577 970 1684 1016 fieri
1719 972 1919 1030 poterit,
1946 971 2046 1017 nisi
2079 971 2204 1018 forte
2231 972 2373 1033 peni·

1302 1046 1384 1086 tus
1426 1042 1693 1102 abrogatae
1743 1042 1944 1092 fuerint.
1983 1031 2370 1102 componendae.

1303 1113 1365 1157 Et
1388 1114 1429 1158 si
1455 1112 1535 1157 lex
1564 1114 1649 1158 uni
1675 1113 1743 1158 sit
1768 1112 2074 1163 favorabilis.
2093 1112 2238 1160 alteri
2257 1127 2371 1163 one-

1301 1196 1430 1234 rosa,
1453 1197 1512 1229 ex
1540 1183 1638 1229 fine
1662 1185 1771 1243 ejus
1797 1185 2054 1229 aestimari
2087 1184 2235 1230 debet
2258 1187 2373 1235 utra

1301 1268 1361 1299 ea
1377 1255 1459 1299 sit.
1479 1254 1576 1312 (Ex
1596 1254 1650 1299 L.
1666 1256 1724 1298 40
1742 1255 1817 1300 De
1833 1257 2022 1301 condic.
2043 1255 2205 1302 indeb.
2225 1253 2369 1302 Suar.
2392 1288 2394 1290 ψ
2432 1293 2434 1297 .
2517 1251 2548 1296 3:

1300 1338 1346 1369 n.
1379 1325 1464 1378 12),
1490 1329 1548 1370 ut
1564 1338 1675 1371 ecce
1698 1338 1828 1385 quae
1855 1324 2140 1372 concedunt
2162 1327 2366 1373 restitu-

1301 1396 1485 1440 tionem
1521 1396 1571 1440 in
1607 1396 1879 1455 integrum.

1360 1466 1418 1509 24
1454 1465 1638 1511 Sanch.
1669 1465 1733 1512 M.
1768 1464 1901 1520 VIII,
1941 1467 1976 1521 1,
2007 1467 2051 1513 5.

1363 1537 1423 1581 25
1443 1536 1519 1581 Ex
1544 1536 1594 1581 L.
1610 1537 1640 1580 9
1663 1549 1734 1594 pr.
1759 1537 1834 1582 De
1850 1537 2077 1595 Suppell.
2101 1539 2194 1596 leq.
2215 1537 2272 1585 1..
2295 1539 2372 1596 65,

1305 1609 1332 1665 ἓ
1354 1610 1426 1654 De
1450 1609 1580 1653 Viro.
1598 1607 1696 1652 Sol.
1723 1610 1953 1653 matrim.
1977 1608 2030 1654 L.
2057 1610 2281 1656 Uxorem
2296 1608 2393 1666 39„-

1302 1680 1329 1737 §
1352 1680 1650 1734 Lepaverat.
1664 1680 1738 1724 De
1751 1681 1924 1734 ἱεραί.
1938 1679 2000 1731 3⁰,
2018 1680 2072 1728 C.
2086 1682 2112 1723 4
2131 1681 2181 1725 in
2197 1680 2281 1735 fin.
2293 1681 2371 1727 De

1313 1751 1517 1798 Transl.
1550 1750 1712 1806 Epi-rc.
1738 1748 1795 1795 V.
1819 1750 1963 1796 Suar.
1986 1749 2069 1804 Vl,
2091 1749 2212 1810 Cap.
2236 1750 2278 1795 3.
2313 1747 2372 1798 V.

1302 1835 1358 1875 c.,
1377 1822 1428 1866 in
1448 1822 1501 1868 C.
1525 1822 1554 1865 9
1584 1823 1650 1867 De
1681 1818 1876 1872 Ueteris,
1900 1820 2115 1880 pecunia
2138 1819 2372 1869 usuraria

1301 1893 1623 1952 adjudicatur
1642 1892 1973 1951 pauperibus;
1998 1905 2096 1937 non
2119 1897 2253 1938 recte
2278 1892 2368 1938 hoc

1302 1977 1329 2007 a
1354 1962 1661 2023 quibusdam
1688 1962 1981 2007 extenditur
2003 1961 2065 2008 ad
2095 1963 2366 2022 pecuniam

1301 2034 1647 2081 simoniacam.
1676 2036 1824 2087 Item,
1857 2046 1970 2079 cum
2008 2033 2231 2079 Trident.
2257 2032 2369 2093 jue-

1300 2105 1423 2150 serit
1441 2121 1464 2146 «
1482 2106 1533 2148 Si
1553 2108 1855 2151 necessitate
1873 2110 2090 2161 urgente
2105 2115 2368 2152 SAGERDOS

1302 2177 1495 2229 (letalis
1528 2176 1626 2219 sibe·
1658 2182 1918 2223 conserus)
1959 2184 2368 2222 cenesaavnan·

1299 2247 1490 2302 absque
1527 2248 1755 2302 praevia
1796 2244 2134 2303 confessio-ne,
2176 2257 2364 2303 quam·

1293 2318 1529 2373 primum
1578 2318 1892 2375 confiteatur·
1940 2315 2095 2371 (XIII,
2143 2328 2251 2376 cap.
2297 2317 2366 2376 7),

1299 2400 1561 2446 perperam
1585 2387 1792 2445 quidam
1827 2387 1959 2432 hanc
1993 2386 2153 2446 legem
2183 2386 2246 2433 ad
2271 2389 2369 2434 lai-

1298 2470 1383 2503 cos
1416 2457 1702 2502 extendunt
1736 2457 1811 2502 «V.
1845 2457 1987 2517 Lugo
2022 2459 2095 2504 De
2114 2456 2267 2505 Eucti.
2298 2459 2367 2515 14,

1967 49 2302 177 miserit
2273 78 2537 201 'Q

208 208 328 261 185
352 205 568 260 Deinde
594 205 912 261 tenendum
941 211 1032 260 est
1061 205 1243 261 verba
1269 204 1421 274 legis
1442 218 1636 276 neque
1666 205 1798 277 plus
1817 207 2142 273 continere,
2166 215 2397 282 neque
2406 207 2515 311 ,μ’-..η’

130 297 323 351 minus
363 310 537 364 quam
580 294 884 363 legislator
924 293 1128 349 voluit.
1158 293 1410 349 Proinde
1449 293 1497 348 si
1528 294 1870 365 specialiter
1902 299 2187 368 concepta
2226 294 2486 365 81111,τῖ

126 385 463 456 specialiter
501 384 847 454 accipienda
886 387 1064 440 erunt
1094 382 1231 455 (25);
1263 384 1352 439 sin
1394 384 1776 453 generaliter,
1804 387 1896 440 ubo·
1927 386 2013 439 lem
2040 403 2141 441 non
2181 387 2373 443 distin-

1303 2530 1435 2586 138).
1477 2530 1555 2574 vel
1591 2529 1653 2574 ad
1687 2542 1772 2574 eos
1805 2528 2103 2574 Sacerdotes
2134 2530 2220 2587 qui
2245 2533 2371 2586 post

1303 2601 1514 2645 missam
1535 2599 1834 2645 celebratam
1854 2599 2023 2645 letalis
2042 2600 2367 2646 meminerint
2457 2599 2464 2601 “
2487 2595 2521 2630 ·’“

1301 2669 1377 2725 (V-
1404 2669 1451 2716 S.
1476 2669 1624 2728 Alph.
1650 2669 1728 2719 VI.
1756 2670 1876 2727 267).
1899 2669 1995 2716 Hic
2018 2669 2154 2715 valet
2175 2670 2368 2730 regula,

1301 2743 1567 2799 lepislator
1598 2744 1732 2798 quod
1755 2742 1916 2787 voluit
1944 2744 2204 2798 etz-pressit
2233 2741 2369 2800 quod
2452 2718 2533 2812 ,ςρΑᾸ

1297 2813 1474 2856 noluit
1491 2814 1654 2856 tacuit
1675 2811 1767 2855 -Ex
1788 2812 1839 2858 C.
1868 2811 1928 2854 12.
1953 2814 2023 2858 De
2041 2813 2230 2860 Decz'm.
2250 2813 2301 2861 C.
2322 2812 2368 2869 2,
2455 2810 2520 2897 ,ἐξ

1296 2886 1326 2936 5
1354 2883 1390 2926 l.
1414 2882 1491 2927 De
1522 2884 1725 2927 Transl.
1750 2882 1955 2938 Episc.).

1356 2951 1468 2997 Huc
1504 2952 1755 2997 accedunt
1796 2951 1924 2997 aliae
1964 2951 2094 2999 duae
2134 2953 2364 3013 regulae?

1301 3023 1344 3066 1⁰
1380 3025 1628 3080 Exceptio
1661 3025 1787 3079 lepis
1817 3024 1998 3080 firmat
2036 3026 2277 3081 repulam
2309 3027 2368 3072 in

1293 3096 1617 3139 contrarium
1645 3105 1745 3150 pro
1777 3095 1984 3140 casibus
2010 3106 2112 3140 non
2135 3097 2367 3152 exceptis

1294 3165 1390 3214 (Ex
1425 3163 1480 3210 L.
1517 3164 1570 3208 18
1605 3165 1680 3211 De
1715 3166 1876 3210 testib.
1901 3166 1956 3212 C.
1993 3165 2045 3209 12
2074 3165 2359 3223 Deflete).

1292 3234 1350 3279 V.
1374 3248 1431 3286 c.‚
1462 3234 1583 3279 licet
1616 3234 1740 3293 Epis
1774 3233 2069 3294 dispensare
2090 3236 2143 3282 in
2170 3236 2364 3296 irregu-

1290 3305 1582 3352 laritatibus
1632 3319 1698 3353 ea>
1745 3308 1929 3352 delicto
1957 3306 2155 3352 occulto
2207 3306 2358 3364 (Trid.

1290 3377 1468 3431 XXIV,
1489 3378 1635 3432 R.·6);
1671 3390 1787 3436 ergo
1810 3377 1862 3422 in
1896 3375 2360 3437 irregularitatibus
2431 3386 2434 3391 ’
2519 3350 2545 3384 '⁵

1290 3463 1356 3496 eoe
1380 3449 1581 3506 defectu
1604 3461 1702 3493 non
1728 3447 1857 3493 licet.
1881 3447 1931 3492 2⁰
1950 3450 2180 3494 Inclusio
2201 3450 2363 3495 unius

1288 3525 1359 3567 est
1392 3522 1622 3568 eoeclusz‘o
1661 3522 1900 3565 alterius,
1932 3519 2026 3569 (Ex
2059 3518 2116 3564 L.
2152 3521 2194 3572 4,
2230 3520 2258 3578 ξ
2298 3518 2357 3564 Si

1286 3594 1386 3637 cui.
1420 3593 1493 3638 De
1521 3603 1661 3647 penu
1689 3592 1891 3647 leyat.),·
1925 3602 2079 3650 quam
2115 3590 2298 3635 vocant
2319 3601 2358 3635 a

1285 3673 1441 3708 sensu
1460 3663 1749 3715 contrario,
1774 3673 1816 3706 e.
1837 3673 1902 3720 g„
1926 3658 2047 3705 urbe
2069 3658 2361 3716 interdicta,

1285 3733 1601 3793 permittitur
1619 3730 1720 3788 his,
1737 3730 1825 3791 qui
1852 3729 2122 3777 interdicto
2145 3741 2358 3778 causam
2441 3698 2504 3797 J
