2548 4042
126 0 227 58 134
304 0 311 5 '
414 17 541 56 rias
578 14 784 54 ranu-
804 12 1220 56 »actaeonem—
1242 2 1418 54 ram-r.
1441 13 1493 53 ιι.
1503 0 1584 56 οἱς
1607 0 1821 59 lenaei
1835 0 2159 69 &ww
2181 6 2227 80 ;⁸-⁴·‘

125 111 239 155 nus
259 97 395 168 (⁹4)
425 99 523 153 Sin
552 98 711 152 circa
737 98 1083 158 accessoria
1114 97 1452 167 ignorantia
1481 93 1623 153 nihii
1655 98 1844 161 nocet,
1870 86 2002 168 qm
2015 77 2214 155 beos'
2250 80 2294 107 ³''
2514 139 2523 151 .

124 194 375 242 naturam
403 189 548 255 sequi
569 188 808 255 ootiqruit
823 188 1140 257 principalis
1163 186 1300 258 (25).
1327 187 1395 241 Et
1419 186 1820 256 quaudofalsa
1846 193 2026 243 noma
2053 149 2507 254 ommacio-3*

124 279 208 329 rei
230 278 494 329 veritatem
521 293 623 329 non
651 281 840 340 mutae,
869 276 915 329 si
947 276 1087 346 quid
1130 275 1270 330 facit
1310 276 1463 346 quod
1495 275 1752 331 validum
1794 291 2004 332 revera
2031 281 2138 341 est,
2169 277 2406 334 verius
2429 290 2459 305 ··

126 364 305 427 valet,
335 365 445 419 etsi
492 365 613 435 ipse
655 364 887 418 irritum
918 366 1081 433 putet
1112 363 1240 436 (26).
1273 364 1421 427 Quid
1450 365 1497 419 si
1527 380 1716 434 agens
1746 366 1963 422 habeat
1989 365 2136 422 duas
2176 366 2373 423 inten-
2515 360 2522 373 '

128 571 343 618 tarium:
368 574 418 617 et
444 570 572 617 nihil
598 571 747 616 refert
776 573 942 616 utrum
971 568 1037 620 id.
1061 568 1196 629 quod

127 641 470 689 voluntarium
522 655 619 687 non
667 644 759 694 est,
795 640 1195 686 involuntarium

127 713 213 766 sit,
236 726 297 758 an
319 726 415 758 non
440 711 800 758 voluntarium.
819 710 920 757 Nec
939 711 983 756 si
1010 714 1201 770 postea,

127 796 288 829 errore
338 787 607 843 comperto,
657 782 846 829 factum
899 781 1198 841 probaverit,

127 853 207 900 vel
243 857 408 900 ratum
445 852 696 906 habuerit,
728 852 820 899 hoe
859 852 987 899 iilud
1034 856 1199 898 mutat

127 923 356 981 (Salinat.
393 923 422 969 1.
447 925 520 981 c).
546 923 877 981 Quamobrem
915 925 957 970 is
982 926 1068 985 qui
1095 923 1193 968 lae·

126 996 269 1040 tatur
292 1007 364 1049 se,
386 1008 476 1055 pro
499 1008 660 1047 cervo,
699 994 961 1039 inimicum
997 994 1198 1039 interfe-

129 1065 279 1119 cisse,
301 1069 474 1124 peccat
497 1063 700 1125 quidem
727 1065 921 1121 (Laym.
950 1066 978 1111 1.
1002 1067 1081 1123 0.),
1109 1064 1197 1109 sed

125 1148 226 1182 non
263 1136 451 1182 idcirco
481 1137 626 1196 quasi
662 1135 915 1182 homicida
957 1135 1198 1195 irregula-

123 1206 283 1260 ritati,
309 1207 498 1265 poenis.
529 1205 604 1251 vel
630 1206 940 1252 restitutioni
968 1207 1026 1252 fit
1047 1206 1196 1253 obno-

126 1276 248 1322 xius
275 1276 438 1322 suar.
463 1278 537 1323 De
562 1278 701 1324 Cen-r.
726 1279 801 1332 44,
823 1277 866 1328 3,
889 1277 962 1323 29.
988 1277 1124 1323 Less.
1149 1278 1198 1330 11,

130 1347 174 1401 7,
196 1347 277 1398 46ς
311 1346 519 1393 Filiucc.
554 1347 623 1397 20,
659 1347 750 1394 421.

186 1416 244 1460 24
268 1416 451 1463 Sancti.
479 1419 537 1462 Μ.
564 1417 654 1467 vn,
688 1419 752 1471 18,
774 1420 820 1465 ὃς
848 1417 1095 1464 Schmalz.
1119 1417 1199 1472 IV,

127 1487 173 1542 9,
190 1487 259 1532 29.
280 1488 346 1533 Ut.
365 1493 502 1547 puta.
521 1490 562 1534 si
582 1489 701 1549 CaJa
725 1488 882 1533 nubat
898 1489 1032 1540 Osio,
1049 1502 1199 1548 quem

128 1557 298 1618 Sejum
323 1564 468 1618 putat
495 1559 693 1606 ‹Sanch.
714 1558 773 1604 Μ.
791 1558 894 1613 Vll,
921 1559 985 1613 19,
1005 1560 1094 1609 20).
1122 1559 1199 1604 vel

125 1642 217 1688 pro
240 1642 369 1690 equa
395 1630 582 1675 mulam
609 1635 767 1676 emat:
805 1631 881 1675 vel
908 1630 1198 1676 desidiosus

131 1700 484 1749 confessarius.
519 1701 758 1759 ignorans
802 1715 954 1747 casus
1004 1702 1055 1746 in
1105 1715 1199 1746 sua

128 1769 347 1815 dioecesi
376 1775 675 1823 reservatos,
697 1771 758 1816 ab
794 1773 867 1817 eis
901 1772 1196 1831 imprudens

128 1839 358 1886 absolvat
378 1842 544 1887 (Salm.
565 1843 636 1895 20,
655 1844 697 1889 5,
721 1842 1001 1900 10).Verum
1024 1845 1076 1888 in
1096 1844 1197 1888 foro

126 1915 335 1956 externo
347 1926 443 1957 non
460 1918 670 1959 excusat
686 1915 983 1973 ignorantia.
998 1928 1125 1975 quae
1146 1916 1197 1960 in

131 1983 372 2040 supinum
402 1984 654 2029 hominem
679 1984 815 2030 cadit
850 1985 921 2031 (L.
940 1987 968 2028 6
993 1988 1059 2031 De
1080 1987 1198 2031 Jur.

127 2055 178 2098 et
193 2053 320 2108 fact.
335 2056 484 2110 ignor
502 2057 538 2111 ),
558 2069 622 2102 ne
641 2058 871 2102 melioris
888 2059 1201 2102 conditionis

127 2125 231 2168 sint
263 2128 414 2169 stulti
436 2139 594 2183 quam
614 2130 774 2183 per-ici
797 2127 853 2179 (L
893 2130 918 2170 4
951 2129 1092 2177 Quod
1118 2132 1198 2184 vi).

185 2195 315 2240 Idem
345 2197 477 2255 juris
514 2201 593 2242 est
626 2199 685 2249 si,
724 2212 821 2243 non
859 2200 1054 2254 ignoret
1092 2201 1201 2259 qni·

125 2264 255 2313 dem.
275 2268 429 2311 sedin
453 2281 692 2326 praesens
711 2282 805 2313 non
828 2268 1201 2314 animadvertat

128 2340 175 2391 (g
205 2339 301 2390 132,
325 2339 422 2395 46);
453 2340 572 2396 qnia
605 2337 734 2383 nihil
771 2345 937 2398 potest
972 2354 1082 2385 esse
1118 2341 1200 2386 hic

126 2411 176 2452 et
208 2422 341 2453 nunc
378 2410 601 2460 volitum,
636 2410 734 2454 nisi
772 2411 1020 2455 voluntati
1052 2425 1199 2471 vquae

126 2491 223 2524 non
251 2478 407 2523 fertur
432 2481 480 2524 in
505 2495 560 2525 ea
585 2495 711 2540 quae
744 2485 785 2525 ei
814 2495 907 2526 non
937 2483 1199 2541 apparent)

125 2550 310 2595 scitum
346 2552 414 2595 sit
443 2551 523 2596 hic
554 2557 605 2595 et
634 2565 767 2597 nnnc
791 2552 852 2594 ·V
894 2554 1101 2598 Salmat.
1128 2553 1198 2604 20,

129 2620 170 2674 5,
200 2621 291 2669 ion
325 2621 478 2667 veluti
507 2623 549 2666 si
574 2624 690 2682 quis
725 2623 804 2666 die
841 2623 1064 2678 esuriali,
1100 2638 1197 2669 non

125 2693 418 2737 recordatus
443 2692 711 2738 esurialem
731 2693 862 2738 diem
890 2707 1016 2748 esse,
1038 2708 1199 2740 come·

127 2761 215 2806 dat
248 2776 437 2807 carnes.

186 2833 246 2876 25
277 2835 330 2882 C.
365 2838 422 2877 42
460 2835 528 2879 De
569 2837 627 2880 R.
660 2836 701 2878 J.
747 2836 795 2879 in
839 2836 886 2877 6⁴¹
939 2836 1106 2881 Veluti
1153 2838 1194 2882 si

127 2917 304 2949 aurum
341 2905 562 2951 deterius
590 2919 677 2964 pro
700 2907 892 2964 optimo
916 2911 1050 2952 emat
1073 2907 1130 2959 (L
1169 2909 1198 2950 9

127 2975 200 3019 De
228 2980 264 3019 (J
305 2977 392 3019 ΕΛ,
427 2980 514 3020 aut
543 2983 742 3035 turpem
779 2983 828 3020 et
865 2979 1063 3036 inopem
1091 2992 1196 3023 mu-

125 3045 383 3090 lierculam
412 3046 580 3098 ducat,
605 3059 755 3106 quam
783 3047 1015 3099 nobilem,
1048 3049 1197 3106 virgi-

127 3128 256 3164 nem,
272 3117 477 3161 divitem
497 3117 839 3163 existimabat.
855 3118 992 3162 Adde
1007 3118 1194 3164 D.Tho.

127 3184 285 3244 Suppl
336 3189 408 3230 51.
444 3193 469 3228 2
503 3188 562 3232 ad
597 3189 637 3231 2.

186 3256 246 3300 26
281 3256 332 3300 V.
369 3257 548 3302 Sanch.
586 3259 645 3302 M.
680 3259 729 3313 11,
766 3260 821 3305 D.
852 3262 929 3315 333
967 3260 1101 3305 pont.
1133 3261 1194 3306 M.

126 3325 211 3381 IV,
244 3327 349 3385 Cap
400 3329 457 3370 23
509 3328 737 3385 Elegans,
772 3330 858 3374 sed
895 3330 1116 3390 implexa
1147 3334 1197 3376 et

125 3397 446 3443 subdifficilis
483 3399 602 3443 haec
625 3403 854 3457 quaestio
879 3408 978 3456 est;
1002 3407 1051 3446 et
1083 3416 1192 3460 pro-

127 3468 243 3512 fluit
266 3481 326 3511 ex
352 3483 406 3511 ea
431 3481 580 3527 qnam
618 3471 759 3527 tetigi
791 3476 816 3520 ,8
848 3472 925 3514 133
964 3474 1004 3516 5.
1035 3472 1193 3531 Finge

128 3537 296 3597 Sejum
327 3544 377 3582 et
399 3539 571 3598 Cajam
600 3544 973 3586 matrimonium
999 3551 1194 3587 contra-

126 3609 261 3660 here,
286 3610 409 3654 falso
433 3612 783 3655 existimantes
819 3612 961 3664 illud,
993 3619 1195 3671 propter

125 3677 372 3725 dirimens
405 3679 607 3739 aliquod
647 3680 1082 3739 impedimentum,
1120 3684 1189 3728 ir·

1301 569 1454 615 ritum
1508 570 1848 632 infectumque
1903 585 2030 620 esse.
2081 572 2370 630 Quaeritur,

1301 645 1473 686 utrum
1509 642 1885 688 matrimonium
1919 642 2056 690 istud
2082 647 2264 699 ratum,
2286 655 2368 699 an,
2427 656 2441 666 ⁶

1300 715 1503 771 propter
1549 725 1763 759 errorem
1812 713 2122 775 hujusmodi,
2164 714 2366 761 irritum

1299 782 1378 827 sit.
1403 782 1466 827 Et
1484 782 1526 827 si
1547 783 1725 843 injure
1746 788 1915 829 errant
1929 783 2167 842 fatentur
2188 795 2366 832 omnes

1300 866 1482 900 verum
1518 867 1625 901 esse
1655 857 2070 908 matrimonium.
2102 857 2228 912 quia
2262 859 2368 902 nim

1300 926 1471 983 deficit
1485 925 1981 979 consensus(Sanch.
2002 939 2047 971 n.
2076 926 2136 974 li:
2163 929 2220 971 ut
2241 928 2369 986 puta

1300 997 1342 1041 si
1362 996 1603 1055 acolytus,
1625 997 1746 1056 quia
1765 995 2001 1042 beneflcio
2024 992 2368 1043 ecclesiastico

1301 1069 1504 1127 potitur,
1531 1068 1805 1119 existimet.
1830 1081 1883 1114 se
1907 1080 2005 1113 non
2030 1080 2176 1127 posse
2202 1065 2366 1114 valide

1302 1139 1679 1184 matrimonium
1714 1138 2023 1184 contrahere.
2065 1138 2154 1184 Sin
2198 1139 2370 1184 errant

1302 1209 1350 1253 in
1386 1209 1533 1261 facto,
1566 1208 1723 1254 veluti
1757 1209 1802 1254 si
1839 1209 1994 1254 vidua
2025 1208 2199 1262 nubat,
2238 1206 2367 1254 falso

1303 1284 1487 1337 putans
1516 1282 1677 1325 virum
1714 1280 1895 1331 vivere,
1920 1279 2067 1325 multi
2102 1285 2151 1324 et
2183 1291 2366 1338 graves

1303 1350 1381 1394 ΤΤ
1402 1384 1413 1403 ,
1433 1351 1481 1395 in
1507 1351 1583 1396 his
1607 1350 1742 1404 Soto,
1765 1349 1969 1396 Navarr.
1991 1349 2219 1403 Armine,
2246 1349 2369 1401 Pon·

1301 1422 1421 1471 tius.
1456 1421 1758 1467 existimant
1791 1421 1990 1466 irritum
2017 1421 2233 1467 matrim.
2257 1432 2393 1467 esse.

1302 1492 1364 1537 ob
1397 1491 1645 1536 defectum
1682 1491 1983 1543 voluntatisu
2005 1491 2129 1552 quia
2160 1503 2259 1536 non
2283 1503 2371 1551 ap·

1301 1568 1456 1623 paret.
1492 1561 1742 1623 quomodo
1778 1562 1893 1622 quis
1938 1561 2064 1606 velle
2098 1560 2260 1621 possit
2302 1559 2370 1616 id,

1302 1632 1434 1694 quod
1470 1634 1563 1678 sibi
1589 1646 1699 1679 esse
1732 1631 2044 1692 impossibile
2068 1636 2233 1692 putat.
2254 1630 2374 1689 Alii,

1302 1710 1351 1748 et
1373 1717 1554 1762 graves
1574 1707 1624 1748 et
1648 1704 1813 1758 multi,
1832 1706 2003 1749 contra
2026 1705 2227 1763 putant,
2248 1713 2371 1764 quo-

1305 1789 1414 1820 rum
1451 1775 1703 1820 sententia
1729 1762 1908 1821 Sanch.
1932 1787 1979 1819 n.
2005 1774 2045 1825 2,
2074 1772 2375 1835 probabilio-

1303 1860 1405 1891 rem
1435 1845 1649 1905 judicat,
1682 1850 1731 1890 et
1765 1845 1887 1891 mihi
1922 1848 2001 1890 est
2034 1845 2209 1891 verior.
2243 1843 2371 1891 Nam

1305 1921 1472 1961 utrum
1508 1917 1624 1976 quis
1659 1916 1795 1968 velit,
1830 1929 1893 1962 an
1930 1917 2118 1969 minus,
2148 1915 2201 1960 in
2237 1914 2372 1961 facto

1301 2001 1398 2033 nou
1434 1989 1482 2031 in
1512 1988 1623 2046 jure
1663 1987 1916 2032 consistit:
1959 1992 2009 2031 et
2048 1986 2166 2046 quis
2202 1987 2366 2045 neget,

1303 2059 1679 2103 matrimonium
1700 2071 1743 2102 v.
1762 2071 1808 2117 g.
1829 2058 2117 2104 contrahere
2137 2055 2263 2103 velle
2280 2056 2370 2118 qui

1300 2129 1518 2174 scienter
1552 2128 1676 2173 illud
1713 2130 1967 2173 attentant
1999 2141 2166 2173 coram
2200 2126 2369 2187 magi-

1299 2204 1463 2243 stratu
1499 2198 1666 2251 civili:
1692 2198 1990 2257 praesertim
2025 2199 2068 2244 si
2103 2211 2291 2257 sponsa
2315 2197 2371 2244 in

1299 2269 1503 2314 domum
1527 2269 1618 2313 viri
1644 2268 1864 2314 deducta
1883 2269 2050 2322 fuerit,
2073 2281 2291 2331 cumque
2313 2281 2371 2315 eo

1302 2339 1665 2399 permanserit?
1711 2339 1854 2390 Sane,
1901 2339 1946 2385 si
1988 2339 2225 2386 voluntas
2269 2350 2371 2386 non

1298 2411 1440 2457 deest
1461 2413 1511 2456 in
1538 2426 1594 2456 eo
1619 2411 1706 2471 qui
1731 2414 1863 2456 errat
1886 2412 1936 2456 in
1952 2411 2081 2471 jure.
2103 2423 2203 2457 non
2227 2409 2372 2456 intel-

1299 2483 1414 2541 ligo,
1451 2483 1699 2542 quomodo
1725 2482 1856 2528 desit
1879 2483 1930 2527 in
1954 2495 2024 2534 eo,
2053 2483 2139 2542 qui
2163 2481 2215 2527 in
2238 2481 2370 2527 facto

1297 2559 1440 2599 errat.
1491 2554 1551 2597 Et
1595 2554 1638 2598 si
1684 2553 1824 2597 deest
1871 2551 2106 2598 voluntas
2157 2555 2372 2607 (contra-

1298 2624 1492 2680 hendi).
1517 2637 1616 2682 quo
1652 2623 1853 2667 demum
1878 2625 2024 2682 pacto
2049 2621 2274 2668 Ecclesia
2295 2635 2371 2668 sa·

1297 2699 1385 2739 nat
1405 2695 1454 2738 in
1477 2693 1642 2739 radice
1666 2693 1986 2738 matrimonia
2008 2693 2136 2738 inita
2154 2693 2375 2738 scienter

1297 2778 1409 2810 cum
1436 2765 1797 2823 impedimento
1816 2763 2089 2814 dirimenti‚
2106 2763 2182 2808 vei
2203 2776 2371 2809 coram

1299 2836 1601 2893 magistratu
1637 2833 1808 2879 civili?
1838 2836 2023 2879 etenim
2061 2834 2207 2880 radix
2240 2846 2371 2894 quae
2460 2883 2466 2890 Δ

1295 2910 1508 2951 sanatur
1542 2909 1619 2949 est
1642 2919 1920 2950 consensus
1958 2907 2008 2950 in
2044 2907 2261 2950 matrim.
2285 2917 2371 2950 ua·

1296 2977 1526 3020 turaliter
1551 2975 1766 3020 validus.
1789 2974 1889 3020 Nec
1913 2975 2080 3020 obstat
2118 2974 2189 3019 vL.
2225 2976 2275 3018 15
2300 2977 2372 3022 De

1294 3049 1495 3105 Acquir.
1531 3051 1747 3099 Her-ed),
1772 3058 1873 3105 qua
1907 3048 2141 3091 nituntur
2164 3050 2366 3091 contra-

1296 3119 1395 3163 riae
1429 3119 1710 3162 sententiae
1747 3117 1956 3176 patroni,
1993 3129 2107 3161 nam
2151 3116 2374 3175 pertinet

1294 3189 1356 3233 ad
1379 3188 1683 3233 hereditates
1704 3187 2113 3246 acquirendas‚in
2130 3189 2372 3247 quosunt

1298 3259 1456 3303 multa
1475 3260 1759 3316 singularia
1783 3273 1843 3303 ex
1861 3260 1972 3318 ,iure
1993 3257 2251 3307 communi
2271 3257 2366 3311 (Cf.

1295 3330 1419 3374 Voet
1452 3331 1523 3380 29,
1558 3332 1603 3382 2,
1637 3344 1719 3375 nn.
1760 3332 1826 3382 Γῂ
1864 3332 1950 3382 14).
1987 3329 2115 3386 Quid
2148 3327 2281 3387 quod
2316 3327 2370 3374 in

1289 3402 1401 3460 Jure
1435 3400 1622 3445 diserte
1667 3404 1874 3445 cautum
1921 3405 2010 3453 est,
2056 3404 2218 3445 ratam
2257 3411 2376 3444 esse>

1287 3466 1653 3524 venditionem,
1722 3472 2189 3523 manumissionem,
2251 3469 2372 3514 iicet

1297 3543 1413 3601 quis
1451 3556 1506 3587 se
1555 3556 1658 3587 rem
1710 3542 1925 3587 alienam
1970 3541 2182 3586 vendere
2217 3538 2292 3596 (L.
2325 3538 2371 3594 9,

1297 3618 1325 3666 g
1341 3613 1439 3662 Qui
1458 3615 1734 3669 iynoravit.
1749 3613 1936 3659 DeJur.
1955 3616 2001 3658 ec
2016 3612 2153 3666 facti
2169 3612 2371 3667 ianam),

1297 3697 1501 3729 servum
1525 3685 1745 3730 alienum
1770 3697 1826 3729 se
1851 3683 2207 3729 manumittere
2229 3679 2304 3738 (L.
2326 3681 2371 3735 4,

2519 2312 2548 2486 Ξ

2511 2756 2548 2915 Ξ
