2548 4042
166 16 267 74 176

569 34 697 74 uns
731 34 886 75 rium
920 47 946 61 -
967 34 1340 78 pantaenum
1361 30 1583 80 ‘mef-
1606 5 1773 93 unii
1793 0 2128 106 ,fflffi‘
2158 7 2457 105 ..ἶς’

242 119 365 175 186.
395 117 688 187 Principio
717 118 904 187 igitur
930 136 1088 192 noque
1128 122 1276 190 loyes,
1305 119 1498 192 neque
1526 135 1784 194 canones
1809 125 1887 179 iba
1910 109 2339 196 εονόὄὶροπέπέπϋ,

161 224 331 261 omnes
367 224 525 262 casus
549 210 643 277 qui
663 210 964 279 quandoque
1001 211 1281 264 inciderint
1317 209 1755 281 comprehendant
1771 211 1911 284 (30):
1954 213 2127 270 immo
2166 229 2276 273 nec
2315 212 2534 289 dez-{1³35

164 297 320 357 bent,
342 296 492 350 alias
516 295 804 351 infinitam
828 297 1229 354 contusionem
1257 307 1532 368 parerent
1554 300 1696 372 (31);
1722 302 1823 356 sed
1838 305 1976 369 ‚jura
1996 303 2427 378 constituendas
2445 295 2451 307 ’
2530 309 2540 338 ³

159 389 295 440 sunt
327 386 387 438 de
425 388 491 438 iis
528 402 659 454 quae
685 388 998 454 frequenter
1034 389 1292 451 accidant,
1325 406 1428 444 non
1467 407 1600 459 quae
1638 407 1765 444 raro
1794 393 1925 463 (32).
1954 392 2197 456 Quoties
2224 395 2417 465 igitur

159 489 330 530 casus
373 475 672 538 inciderit,-
703 476 802 545 qui
849 476 905 530 in
951 476 1086 545 lege
1130 478 1372 548 quidem
1416 481 1875 548 comprehensus
1916 485 2181 547 nonest,
2209 484 2310 540 sed
2353 485 2411 541 ei
2480 480 2481 483 ’

157 564 255 635 qui
301 564 357 618 in
409 565 543 631 lege
594 566 1054 634 comprehensus
1105 571 1196 621 est
1238 568 1448 622 similis
1501 569 1595 630 sit,
1642 570 1867 624 utimur
1916 570 2412 642 interpretatione

160 654 469 708 extensive.
500 653 631 724 (33).
658 654 777 710 Non
811 655 1046 725 quidem
1076 670 1325 725 semper,
1356 658 1457 711 sed
1489 658 1535 710 si
1576 659 1881 729 utriusque
1913 674 2084 716 casus
2113 666 2175 717 et
2203 662 2411 719 eadem

158 742 235 798 sit
259 744 406 798 ratio
425 742 570 816 (34);
591 748 650 799 et
678 745 825 799 alias
857 745 1137 816 iniquum,
1166 751 1269 801 aut
1298 747 1617 802 absurdum
1637 748 1862 818 aliquid
1891 754 2243 820 sequeretur
2266 747 2410 824 (35);

157 906 294 953 etin
326 910 475 954 caute
509 906 783 953 admodum
809 908 886 953 uti
909 907 1077 954 decet:
1108 909 1231 967 quin

157 976 306 1022 multi
341 990 403 1023 ex
429 978 473 1023 J.
500 979 551 1025 C.
576 991 685 1023 eam
721 978 1005 1037 explodunt
1028 981 1233 1026 omnino

155 1044 235 1103 (V.
270 1047 486 1104 Forster,
526 1049 586 1101 ΙΙ,
621 1050 662 1102 3,
698 1050 759 1101 3).

213 1117 273 1163 30
296 1117 392 1164 LL.
423 1120 490 1171 10,
521 1121 575 1165 12
595 1124 640 1165 ὴ.
665 1127 698 1166 t.
724 1120 783 1166 D.
807 1119 928 1166 Tho.
962 1122 999 1176 l,
1022 1120 1067 1177 2,
1092 1122 1166 1176 96,
1189 1123 1231 1167 6.

215 1189 265 1234 31
304 1189 360 1236 D.
384 1191 502 1237 Tho.
534 1192 569 1241 l.
592 1191 634 1243 2,
669 1191 808 1243 96,1.

214 1259 274 1305 32
298 1259 460 1313 1.1..3‚
485 1264 527 1314 4,
549 1263 579 1305 5
601 1265 645 1308 h.
673 1267 702 1307 t.
725 1262 765 1307 D
801 1262 919 1308 Tho.
943 1264 986 1319 2,
1003 1263 1046 1315 2,
1071 1264 1167 1316 120,
1193 1266 1228 1311 l.

211 1330 271 1375 33
294 1331 390 1377 LL.
416 1332 482 1385 12,
508 1333 571 1386 13,
591 1334 632 1378 li.
652 1339 685 1378 e.
712 1333 751 1380 C
789 1337 814 1378 4
839 1335 913 1381 De
938 1337 1109 1382 Reser.
1137 1338 1230 1382 Va-

152 1402 259 1448 leat
290 1405 548 1460 aequitas,
586 1403 658 1448 ait
691 1403 909 1458 Tullius,
944 1406 1056 1463 Top.
1083 1420 1128 1450 n.
1154 1406 1227 1460 22,

150 1486 286 1531 quae
319 1476 375 1519 in
401 1476 627 1530 paribus
658 1477 879 1527 casibus,
905 1479 1067 1532 paria
1090 1479 1226 1533 jura

151 1547 431 1591 desiderat.
456 1544 629 1604 Laym.
655 1546 724 1599 18,
745 1546 786 1590 9.
810 1545 964 1592 Salm.
984 1546 1070 1599 XI,
1089 1548 1132 1597 4.
1154 1549 1228 1594 34.

153 1618 438 1674 Aequitatis
460 1619 602 1662 ratio
623 1619 823 1662 similia
841 1620 976 1674 Jura
999 1623 1227 1666 suadere

150 1687 452 1742 videtur-(L.
481 1689 531 1731 19
561 1688 613 1735 C.
644 1692 716 1735 Ad
740 1690 792 1734 L.
821 1691 1015 1736 Falcid.
1049 1691 1100 1738 C.
1127 1692 1168 1737 4.
1197 1695 1227 1745 ἓ

149 1759 268 1805 Nos.
282 1761 357 1806 De
369 1760 770 1819 Confirm.util.).
784 1775 857 1806 ·v.
879 1775 918 1807 c.
936 1785 954 1795 ·
969 1763 1018 1806 in
1039 1763 1091 1810 C.
1106 1763 1135 1806 9
1156 1764 1226 1810 De

148 1832 367 1878 Iudaeis
385 1835 593 1876 cautum
615 1834 707 1885 est,
722 1835 902 1878 nullus
917 1835 1122 1885 invitos,
1146 1836 1227 1880 vel

145 1903 378 1949 nolentes
387 1905 524 1958 juda
534 1915 616 1948 eos
636 1907 706 1949 ad
724 1906 879 1962 fidem
902 1907 1077 1952 venire
1093 1918 1227 1950 com-

139 1975 342 2030 pelcat:
365 1986 484 2032 ergo
508 1987 598 2019 nec
620 1987 903 2028 saracenos,
927 1989 1018 2022 nec
1041 1989 1222 2035 quem—

146 2042 268 2089 libet
288 2043 568 2090 infidelem:
598 2059 792 2104 nempe,
817 2059 918 2091 non
941 2049 1094 2092 inviti
1118 2051 1222 2093 sal-

147 2116 309 2160 vandi
329 2120 471 2167 sunt,
493 2120 582 2161 sed
606 2119 830 2164 volentes
855 2118 921 2164 ‹S.
947 2118 1092 2178 Greg.
1123 2120 1220 2170 Μ).

205 2186 264 2230 34
286 2186 339 2233 C.
359 2187 388 2230 2
407 2189 480 2233 De
509 2189 713 2232 Transl.
735 2191 959 2246 Episcop.
980 2191 1053 2235 Ex
1076 2191 1128 2236 L.
1145 2191 1218 2239 27.

147 2258 351 2309 §Ratio
386 2260 533 2303 enim.
558 2262 633 2303 Acl
666 2260 719 2303 L.
752 2262 851 2305 Jul.
889 2261 963 2306 De
995 2263 1219 2308 Adulter.

146 2327 202 2374 L.
234 2330 278 2382 9,
313 2334 339 2381 g
363 2329 552 2387 penult.
591 2331 789 2386 Dejur.
816 2336 865 2378 et
889 2331 1015 2389 fact.
1053 2335 1218 2390 iynor.

146 2397 203 2444 V.
224 2400 273 2446 S.
295 2400 442 2459 Alph.
463 2401 499 2454 I,
520 2401 622 2454 200,
647 2415 693 2446 v.
716 2403 996 2450 Quaeritur
1013 2406 1105 2450 hie.
1126 2406 1220 2449 Ea-

146 2473 280 2525 dem,
314 2471 448 2516 idest
482 2476 783 2529 adaequata
806 2474 875 2531 (S.
899 2474 1048 2533 Alph.
1075 2475 1105 2519 l.
1140 2477 1218 2529 e),

142 2543 373 2588 identica
398 2542 653 2595 (Thibaut,
670 2548 697 2595 ἓ
726 2545 792 2595 17,
810 2545 1092 2603 Chassagn.
1113 2550 1139 2599 ἓ
1160 2546 1219 2590 98

143 2611 195 2656 in
215 2610 299 2663 fl.›.
320 2613 417 2669 Qui
439 2613 489 2657 in
506 2615 711 2658 civitate
732 2613 885 2673 degit,
906 2617 947 2660 si
970 2617 1093 2661 forte
1114 2617 1219 2662 ruri

143 2682 370 2736 decedat,
397 2684 448 2728 in
472 2697 566 2729 sua
590 2685 817 2730 civitatis
842 2687 1056 2732 ecelesia
1078 2701 1216 2746 sepe-

141 2752 346 2799 liendus
365 2757 444 2799 est
469 2756 539 2807 (C.
558 2755 586 2797 3
608 2757 681 2801 De
705 2755 890 2812 Sepult.
911 2757 961 2801 in
985 2759 1075 2811 6⁰):
1101 2771 1218 2815 ergo

142 2825 260 2868 etis
282 2826 370 2884 qui
397 2827 498 2871 ruri
525 2826 701 2871 incolit
734 2828 782 2871 in
809 2841 918 2877 sua,
944 2828 986 2872 si
1013 2827 1139 2872 forte
1166 2828 1216 2872 in

142 2896 348 2940 civitate
374 2896 584 2942 decedat
612 2898 747 2943 Ben.
784 2897 912 2942 XIV.
939 2898 1086 2943 Notif.
1118 2899 1215 2950 105,

143 2966 233 3018 45).
267 2967 481 3023 Contra3
515 2969 733 3013 vetitum
763 2971 870 3014 erat
899 2969 1216 3022 mulieribus,

137 3042 355 3093 propter·
373 3041 663 3093 perieulum
687 3042 765 3086 rei
785 3039 1103 3096 familiaris,
1128 3054 1216 3099 pro

143 3105 456 3153 debitoribus
498 3109 768 3170 fidejubere
804 3111 876 3156 11..
917 3113 930 3156 l
972 3114 1047 3157 Ad
1086 3113 1130 3156 S.
1166 3116 1216 3157 C.

141 3177 377 3234 Maloeam:
414 3193 475 3223 an
511 3184 560 3224 et
594 3181 818 3227 solvere?
845 3183 1047 3228 Minime
1074 3181 1147 3228 ‹L.
1172 3183 1220 3236 8,

140 3251 172 3302 ,ξ
201 3249 231 3292 5
265 3250 492 3303 Eodem);
529 3254 649 3308 quia
685 3253 889 3298 facilius
936 3267 990 3298 se
1036 3252 1217 3297 mulier

139 3318 334 3378 obligat
368 3333 518 3378 quam
546 3321 694 3366 alicui
722 3323 875 3369 donat
899 3323 974 3373 (L.
999 3324 1025 3366 4
1055 3324 1215 3376 Eod.).

101 3427 111 3434 .
137 3389 204 3434 Et
230 3390 280 3436 S.
305 3389 428 3435 Pius
454 3390 510 3442 V,
537 3392 584 3435 in
611 3394 828 3439 simonia
852 3394 1213 3448 confidentiali,

137 3462 315 3520 poenis
335 3463 687 3517 accipientem,
716 3478 810 3508 non
837 3465 1057 3519 dantem,
1082 3479 1216 3511 coer·

139 3537 243 3577 cet:
266 3545 447 3591 nempe
473 3533 594 3591 quia
618 3533 922 3579 difficiliores
943 3550 1124 3581 sumus
1151 3535 1214 3582 ad

138 3600 366 3647 dandum
400 3616 552 3662 quam
582 3603 644 3647 ad
669 3605 1020 3662 accipiendum
1049 3606 1215 3655 (Suar.

136 3673 214 3718 De
244 3674 383 3719 Gens.
416 3674 490 3729 22,
522 3675 565 3727 6,
597 3676 682 3720 15».
708 3674 827 3719 Inde
857 3677 1056 3734 1·egula;
1081 3690 1114 3722 a
1140 3679 1216 3722 di-

135 3747 378 3802 sparatis
409 3758 513 3792 non
545 3746 605 3805 fit
635 3747 820 3791 illatio.
861 3747 1217 3802 Quamobrem,

1335 910 1571 968 quamvis
1605 909 1746 955 nefas
1780 909 1850 955 sit
1883 909 2192 959 haereticum
2225 911 2287 960 sd
2320 925 2409 974 pn·

1336 981 1452 1025 trini
1481 994 1668 1026 munus
1693 979 1960 1028 admittere
1981 982 2030 1028 in
2053 982 2294 1044 baptismi
2313 982 2409 1031 filii

1333 1049 1551 1111 alicujus
1570 1050 1821 1102 catholici.
1842 1053 2124 1100 catholicus
2144 1052 2206 1101 ab
2227 1054 2407 1116 hujus-

1335 1122 1468 1167 modi
1503 1122 1663 1168 offlcio
1698 1123 1747 1167 in
1785 1122 2100 1182 baptizandis
2137 1123 2260 1172 filiis
2287 1125 2407 1172 hae·

1335 1193 1603 1238 reticomm
1642 1197 1838 1253 (nempe
1874 1195 1971 1239 ritu
2008 1194 2292 1253 catholieo),
2318 1208 2402 1243 re·

1334 1267 1469 1309 moto
1502 1263 1758 1315 scandalo,
1793 1264 2112 1324 repellendus
2146 1279 2245 1312 non
2278 1269 2372 1314 est.

1392 1335 1450 1379 35
1485 1333 1537 1380 L.
1571 1335 1629 1379 28
1653 1338 1682 1388 ἓ
1707 1335 1781 1381 De
1815 1349 1885 1381 eo,
1916 1339 1983 1383 De
2007 1336 2158 1383 Petit.
2188 1339 2404 1385 heredit.

1332 1403 1476 1451 Suar.
1499 1404 1582 1458 VI,
1605 1407 1647 1458 2,
1671 1405 1712 1449 7.
1739 1404 1787 1451 S.
1812 1405 1963 1465 Alph.
1995 1406 2035 1460 Ι,
2055 1407 2158 1454 200.
2181 1406 2237 1452 V.
2266 1408 2410 1456 Haec

1334 1480 1522 1521 tamen.
1542 1501 1559 1511 -
1578 1489 1624 1521 v,
1649 1488 1688 1521 c.
1706 1500 1725 1510 ·
1745 1475 2052 1522 Mouialibus
2075 1478 2290 1524 vetitum
2325 1481 2406 1527 est

1330 1545 1502 1604 egredi
1537 1559 1562 1590 e
1597 1547 1915 1591 monasterio.
1956 1551 2306 1609 praeterquam
2341 1561 2406 1596 ex

1329 1630 1487 1662 causa
1510 1616 1753 1667 incendii,
1780 1616 1856 1663 vel
1891 1616 2186 1676 epidemiae,
2218 1617 2298 1665 vel
2329 1619 2410 1667 in·
2467 1655 2469 1658 -
2523 1619 2548 1646 ‘³

1332 1687 1596 1734 firmitatis
1635 1687 1707 1734 ‹s
1743 1688 1863 1733 Pius
1900 1687 1959 1743 V,
1992 1689 2045 1737 c.
2082 1689 2311 1740 Decor-in
2353 1691 2407 1736 ot
2474 1718 2483 1724 -

1330 1758 1667 1804 nihilominus
1702 1759 1747 1804 si
1789 1759 1911 1819 quid
1952 1759 2121 1806 simile
2152 1759 2405 1818 inciderit,

1328 1833 1455 1888 puta
1495 1829 1777 1882 inundatio,
1817 1830 1979 1885 ruina,
2018 1830 2272 1878 latronum
2317 1832 2406 1879 in·

1329 1914 1531 1953 cursus,
1574 1901 1744 1960 egredi
1798 1915 1946 1960 posse
1999 1914 2147 1948 nemo
2200 1901 2405 1950 dubitat

1327 1971 1384 2030 (S
1426 1972 1577 2030 Alph.
1603 1971 1708 2023 v11,
1734 1972 1858 2016 229).
1886 1974 1953 2017 At
1978 1973 2022 2018 si
2047 1971 2171 2018 nibil
2194 1971 2404 2019 absurdi

1329 2051 1588 2103 sequatur.
1613 2042 1690 2087 vel
1717 2043 1893 2102 iniqui,
1920 2043 1996 2088 vel
2022 2043 2121 2089 nisi
2145 2045 2404 2091 sententia

1326 2115 1636 2174 legislatoris
1672 2113 1878 2159 aliunde
1913 2116 2155 2173 appareat
2185 2113 2400 2165 manife-

1327 2191 1408 2232 sta
1441 2184 1515 2237 (L.
1555 2186 1611 2229 12
1646 2188 1692 2231 h.
1731 2189 1798 2240 Δ),
1832 2198 1931 2230 non
1974 2184 2093 2231 licet
2134 2185 2406 2232 extensive
2493 2234 2501 2239 ,

1326 2256 1741 2316 interpretatione
1783 2256 1871 2300 uti.
1913 2254 1983 2300 Ne
2024 2259 2146 2302 tunc
2190 2255 2399 2317 quidem
2491 2306 2496 2311 ,

1327 2341 1439 2373 cum
1477 2327 1628 2372 alicui
1663 2326 1937 2372 favendum
1972 2328 2051 2371 est
2087 2323 2403 2387 sine‘cujus-
2492 2344 2494 2347 ’

1327 2411 1479 2458 quam
1515 2397 1698 2443 damno
1735 2396 1810 2442 vel
1844 2397 2044 2456 injuria.
2067 2395 2241 2451 Heinc,
2268 2410 2405 2457 v.g.,
2472 2390 2498 2430 ’-’·

1326 2482 1439 2514 cum
1466 2470 1515 2514 in
1540 2470 1591 2516 C.
1617 2471 1644 2512 4
1668 2470 1743 2513 De
1771 2470 1813 2512 S.
1840 2470 1884 2512 Ε
1917 2468 1967 2513 in
1993 2468 2042 2512 6⁰
2070 2471 2277 2514 cautum
2312 2468 2402 2521 sit,

1324 2540 1621 2599 Episcopus·
1641 2553 1734 2584 non
1761 2538 2018 2598 subjacere
2039 2537 2396 2598 suspensioni·
2470 2567 2474 2603 2

1324 2610 1418 2656 bus
1454 2615 1503 2656 et
1537 2610 1818 2655 interdictis
1864 2610 1913 2654 in
1951 2610 2064 2669 jure
2097 2608 2232 2662 latis,
2270 2609 2400 2667 quia
2461 2610 2498 2682 'c

1324 2685 1378 2727 id
1396 2684 1748 2738 periculosum
1770 2685 1845 2727 est
1854 2685 2068 2738 propter
2087 2682 2399 2728 exercitium

1324 2755 1480 2809 officii·
1504 2754 1846 2809 pontificalis,
1882 2751 2218 2798 nihilominus
2250 2763 2404 2798 nemo

1324 2827 1401 2868 est
1432 2836 1590 2867 ausus
1615 2823 1708 2868 hoc
1735 2822 1795 2866 ad
1821 2822 2398 2868 excommunicationem

1322 2894 1611 2954 pertrahere
1636 2892 1711 2947 (V.
1738 2892 1787 2937 S.
1812 2891 1960 2951 Alph.
1986 2891 2022 2946 I,
2041 2891 2143 2945 200,
2163 2905 2208 2937 v.
2238 2891 2402 2940 Quae-

1322 2967 1493 3019 ritur).
1529 2964 1659 3022 Ergo
1691 2976 1788 3007 non
1824 2962 1946 3007 bene
1978 2965 2122 3008 ratus
2156 2965 2235 3008 est
2251 2961 2399 3009 Vinc.

1323 3035 1394 3080 De
1432 3036 1566 3080 Just.
1606 3034 1667 3086 11,
1713 3034 1782 3085 18,
1824 3034 1897 3086 75,
1941 3037 2151 3090 raptum
2194 3033 2246 3078 in
2287 3033 2401 3079 viro

1321 3118 1519 3166 quoque
1546 3105 1711 3150 locum
1739 3103 1937 3159 habere,
1959 3105 2003 3149 si
2039 3103 2236 3158 mulier,
2269 3102 2396 3150 forte

1322 3177 1591 3229 robustior,
1624 3179 1713 3220 aut
1746 3175 1997 3234 potentior
2030 3175 2196 3220 virum
2230 3175 2396 3234 rapiat

1322 3249 1479 3303 (Pont.
1506 3247 1568 3300 M,
1593 3246 1702 3300 Vll,
1725 3245 1799 3300 69,
1827 3247 1888 3302 6).
1924 3244 2144 3299 Scilicet,
2178 3247 2237 3294 ut
2267 3244 2396 3302 dixi,

1311 3323 1447 3376 jura
1471 3319 1720 3364 constitui
1742 3321 1938 3373 oportet
1958 3318 2014 3362 in
2031 3318 2112 3363 his
2130 3326 2265 3373 quae
2283 3314 2399 3373 fre·

1320 3394 1537 3448 quenter·
1581 3390 1843 3438 accidunt,
1901 3400 2004 3433 non
2051 3399 2186 3444 quae
2231 3397 2400 3440 raro:

1319 3475 1447 3521 quae
1479 3460 1612 3506 enim
1639 3473 1751 3504 raro
1775 3458 2028 3510 accidunt,
2061 3457 2401 3504 contemnunt

1321 3532 1638 3592 legislatores
1663 3530 1735 3586 (L.
1760 3532 1788 3575 5
1815 3530 1970 3586 an).
1995 3528 2048 3574 Si
2083 3527 2207 3588 quid
2230 3526 2398 3586 igitur

1321 3603 1779 3650 extraordinarium
1807 3599 2055 3652 inciderit,
2080 3598 2175 3644 hoc
2208 3596 2390 3643 recidit

1320 3675 1372 3719 in
1417 3676 1502 3734 Jus
1547 3685 1831 3724 commune,
1873 3670 1973 3715 nisi
2022 3681 2211 3727 urgens
2259 3668 2396 3713 ratio
2442 3727 2443 3730 Ἴ
2487 3683 2499 3714 ,’

1320 3745 1459 3792 aliud
1493 3746 1668 3803 exigat
1701 3742 1777 3801 (V.
1801 3742 1861 3788 D.
1887 3740 2007 3787 Tho.
2029 3739 2070 3795 2,
2095 3739 2141 3795 2,
2169 3738 2270 3796 120,
2298 3739 2359 3797 1).

2438 3830 2494 3862 ’τ
