2548 4042
183 14 287 73 198
609 29 735 68 mins
770 30 924 67 enin
947 39 972 53 ·
994 26 1410 68 Ριιοιεοοιιιω·
1431 0 1608 68 τηιᾶι.
1630 23 1698 65 m.
1723 24 1789 67 ιιι
1812 0 2052 69 amin&
2081 0 2412 93 xff--wrnffi
2429 61 2441 75 .

184 116 461 188 poenales
487 114 787 169 aestimari
821 113 996 166 debet
1027 108 1084 166 1⁰
1112 126 1188 166 ex
1217 111 1414 167 verbis
1442 107 1754 180 legis(55)·
1773 107 1927 167 ’ἕως
1956 122 2066 166 usu
2087 110 2148 167 et
2170 99 2458 182 receptio
2471 110 2479 154 ἶ
2504 107 2514 137 ³

182 207 470 264 morinusz
499 202 557 257 3⁰
577 218 652 257 ex
678 202 969 255 communi
1002 215 1179 255 sensu
1209 190 1801 272 M·›ralistarum(56);
1834 200 1891 255 in
1921 198 2099 256 dubio
2125 199 2438 264 exsulant,

181 297 395 364 quippe
428 293 714 346 recedunt
741 307 777 345 a
807 294 1014 345 natura
1047 290 1214 358 legis,
1237 304 1391 360 quae
1417 290 1470 343 vi
1495 305 1602 344 sua
1624 290 1889 356 autjubat
1908 291 2016 345 aut
2043 295 2194 344 votat.
2221 289 2430 360 Itaque

184 383 280 437 lex
310 383 493 436 mixta
526 381 782 451 poenalis
803 382 1027 447 obligat
1050 389 1111 435 et
1131 380 1203 433 aul
1238 394 1356 433 rein
1381 379 1535 434 etad
1566 394 1805 448 poenam
1832 377 1971 453 (57);
2000 393 2142 449 pure
2166 377 2434 450 poenalis
2488 372 2490 374 ’

182 473 274 525 vel
305 472 376 526 ad
420 487 561 531 rein.
595 471 685 525 vel
729 472 802 524 ad
849 485 1109 539 poenam,
1138 468 1382 522 arbitrio
1418 472 1612 522 nostro
1645 466 1776 540 (58).
1807 467 1889 523 At
1926 483 2113 538 poena
2157 467 2428 523 neutrobi

182 562 543 629 regulariter
581 561 809 629 obligat
836 566 975 614 ante
1017 559 1374 612 sententiam
1409 557 1654 627 judicis;
1686 558 1759 612 «le
1789 572 1905 627 quo
1945 557 2134 613 dicam
2181 559 2390 613 serius.

258 652 382 705 ⁸208.
417 653 795 704 Praesutnere
826 653 918 703 est
952 647 1257 718 opinari(5
1258 648 1343 718 9);
1381 646 1834 716 praesumptio·
1861 649 1942 700 rei
1977 649 2201 701 incertae
2232 646 2436 717 proba-

179 744 298 796 bilis
322 744 617 810 conjectura
637 770 673 782 -
698 743 825 808 60).
850 739 925 795 Et
949 740 1038 793 vel
1075 738 1337 801 nominis,
1361 738 1450 792 vel
1481 740 1552 790 le
1538 738 1630 805 tis
1659 742 1777 791 est:
1804 737 1904 791 illa
1934 737 1990 791 in
2015 737 2428 792 aestimatione

182 835 316 888 boni
349 834 456 886 viri
502 838 621 887 tota
665 832 848 902 posita
878 837 967 885 est
994 831 1125 899 (61),
1156 835 1216 883 et
1260 831 1370 883 huc
1403 844 1512 881 nun
1561 827 1840 896 pertinet;
1876 828 2020 881 haec
2062 826 2300 895 legibus
2334 826 2436 881 est

183 923 537 982 introducta.
568 926 630 977 et
666 923 793 975 icleo
834 922 961 975 sine
1006 921 1139 987 lege
1182 933 1463 987 expressa
1509 934 1616 971 non
1664 921 1753 972 est
1794 917 2179 972 admittenda.
2212 915 2284 971 Et
2323 915 2427 970 du·

186 1018 319 1086 plex
361 1018 467 1075 est,
513 1029 627 1067 una
660 1014 900 1082 periculi,
941 1011 1129 1064 altera
1156 1012 1314 1073 sacci.
1361 1008 1638 1068 Pericnli.
1683 1022 1815 1062 cum
1851 1006 2176 1075 legislator,
2221 1019 2294 1059 ex
2337 1002 2430 1059 his

182 1120 336 1176 quae
367 1104 708 1174 Frequenter
735 1102 1020 1155 eveniunt
1061 1100 1542 1153 animadvertens
1581 1098 1805 1168 aliquid
1838 1112 1951 1150 non
1993 1095 2120 1150 sine
2166 1093 2429 1165 periculo

182 1196 308 1251 fleri
336 1195 425 1249 vel
453 1194 657 1252 omitti,
685 1206 1042 1260 praecavens
1075 1189 1401 1259 hujusmodi
1438 1189 1714 1258 pericula,
1743 1188 1882 1241 illusi
1909 1188 2070 1241 vetat
2101 1186 2207 1240 hoc
2227 1185 2431 1254 jubet:

168 1287 317 1352 sacci
338 1299 468 1337 curn
503 1298 602 1352 pro
625 1289 787 1336 certo
819 1282 1040 1335 habeus
1068 1279 1288 1350 aliquid
1318 1280 1532 1333 facturn
1567 1279 1764 1339 fuisse,
1789 1277 1927 1348 quia
1950 1276 2033 1330 sic
2063 1273 2433 1329 communius

183 1375 307 1430 fleri
352 1372 519 1429 solet.
549 1387 624 1425 ex
653 1387 721 1424 eo
749 1370 1048 1438 supposito
1080 1368 1232 1422 facto
1262 1367 1449 1438 (qnasi
1484 1383 1693 1422 revera
1735 1368 1952 1421 factum
1982 1363 2179 1437 fuerit)
2200 1364 2340 1434 jura
2369 1368 2432 1417 et

182 1462 582 1530 obligationes
623 1460 1130 1514 constituit.H.·1ec
1160 1459 1205 1511 si
1243 1458 1461 1527 injure
1502 1457 1856 1511 contrariam
1899 1455 2294 1525 probationem
2340 1467 2427 1508 re-

185 1554 344 1623 cipit,
370 1554 547 1621 juris3
577 1550 667 1605 sin
700 1550 907 1611 minus,
931 1550 1080 1616 juris
1106 1554 1155 1601 ec
1180 1549 1239 1599 de
1265 1548 1395 1613 jure
1421 1547 1534 1601 dici
1567 1546 1714 1601 solet
1744 1544 1877 1618 (62).
1907 1545 2114 1615 Itaque
2146 1544 2242 1598 lex
2275 1555 2431 1613 quae

178 1716 427 1773 ,damnum
446 1715 555 1759 sola
576 1714 727 1773 culpa
750 1711 887 1758 civili
906 1711 1108 1757 datum:
1130 1723 1254 1772 pure

184 1788 428 1847 poenalis,
461 1784 752 1846 quaejubet
787 1782 1000 1829 inultam
1037 1781 1252 1842 dependi

184 1858 248 1905 ab
281 1857 378 1908 his,
413 1858 499 1916 qui
523 1856 761 1901 fraudant
784 1855 1069 1914 vectigalia.
1098 1854 1254 1911 Leges

182 1942 309 1990 pure
330 1927 563 1988 poenales
584 1925 915 1985 exploserunt
936 1930 1127 1969 veteres
1147 1925 1256 1983 qui-

185 1999 303 2046 dam
348 1998 440 2043 T'r.
483 1998 570 2042 sed
612 1998 833 2042 obtinuit
877 1995 1131 2041 sententia
1172 2006 1256 2039 eas

186 2069 567 2118 admittentium
603 2068 765 2124 (Suar.
791 2063 847 2119 V,
872 2066 954 2119 1v,
982 2067 1042 2111 2».

243 2142 303 2185 55
335 2140 479 2187 Suar.
506 2138 560 2186 V.
593 2143 636 2191 4,
657 2140 699 2184 9.
729 2139 929 2198 Nempe,
953 2139 996 2183 si
1022 2137 1102 2182 lex
1127 2136 1254 2181 nihil

177 2211 358 2273 jubeat
376 2215 465 2256 aut
486 2215 619 2255 vetet
641 2211 790 2270 (quod
811 2208 1012 2254 difficile
1034 2212 1111 2253 est
1138 2243 1148 2262 ‚
1167 2207 1255 2252 sed

183 2296 396 2345 poenam
421 2281 694 2327 dumtaxat
720 2283 939 2326 minetur
963 2279 1017 2334 (S
1050 2278 1256 2338 Alph.1,

190 2356 316 2408 145):
353 2357 454 2399 Aut
480 2353 659 2413 Jubeat
705 2352 927 2412 quidem,
969 2364 1057 2395 seu
1109 2353 1261 2402 vetet,

185 2425 275 2472 sed
311 2430 486 2470 utatur
521 2422 684 2468 verbis
722 2422 1079 2482 disjunctivis;
1126 2434 1167 2464 v.
1202 2434 1259 2469 c..

186 2508 335 2543 nemo
356 2499 412 2540 in
435 2497 583 2538 silvis
607 2497 748 2548 liqna
773 2497 980 2544 caedat,
1005 2497 1102 2537 aut
1128 2494 1255 2536 mul-

189 2571 298 2614 tam
330 2569 585 2623 dependat
617 2563 814 2622 (Layrn.
848 2563 953 2617 XV,
994 2565 1055 2615 1i3
1100 2563 1175 2607 vel
1212 2563 1257 2608 si

184 2636 449 2696 legislator
481 2636 711 2686 edixerit,
740 2634 871 2679 nolle
904 2648 957 2678 se
992 2635 1253 2679 conscien-

185 2710 311 2754 tiam
335 2707 650 2766 obstringere
675 2706 845 2763 (Salm.
871 2704 953 2755 XI,
979 2705 1022 2757 2,
1050 2705 1139 2757 42).
1171 2703 1260 2749 Le·

185 2792 275 2838 ges
308 2793 432 2838 pure
464 2777 703 2837 poenales
738 2776 893 2823 Sotus
938 2775 999 2821 ab
1044 2775 1259 2821 Henrico

188 2848 445 2895 Gandensi
482 2849 602 2900 (Sot.
627 2847 664 2898 1,
697 2846 775 2901 VI,
805 2849 904 2903 15);
927 2846 1071 2892 Suar.
1098 2845 1151 2893 V.
1178 2844 1257 2897 lv,

187 2922 231 2970 7,
250 2921 311 2964 ab
330 2919 590 2964 Institutis
610 2917 948 2977 Regularibus
988 2916 1039 2962 V.
1058 2916 1113 2962 D.
1132 2916 1254 2962 Tho.

187 2990 232 3045 2,
257 2991 298 3039 ·2‚
334 2991 427 3041 186,
461 2990 490 3033 9
521 2989 583 3034 ad
615 2990 654 3039 l)
689 2989 886 3047 repetit.
917 2988 981 3032 Et
1017 2993 1070 3032 ut
1101 3001 1256 3047 gene-

187 3059 363 3105 raliter
396 3060 625 3108 dixerim.
672 3061 872 3118 quoties
915 3058 995 3103 lex
1040 3058 1261 3104 abstinet

191 3130 356 3175 verbis
379 3132 693 3187 imperativis
719 3132 770 3175 in
795 3129 965 3177 dubio.
999 3143 1121 3188 pure
1147 3142 1262 3188 poe-

188 3200 354 3246 nalem
390 3214 517 3251 esse,
552 3201 612 3245 ad
644 3200 886 3245 levandas
921 3201 1257 3246 conscientias

189 3271 466 3319 tenendum
490 3285 600 3316 esse
619 3274 763 3317 docet
782 3285 895 3317 cum
917 3273 1094 3319 Castro
1116 3270 1260 3317 Suar.

188 3341 250 3397 V,
286 3347 329 3394 4,
363 3341 404 3385 9.

251 3414 310 3455 56
345 3412 420 3456 Ex
457 3411 552 3456 LI..
578 3412 649 3461 35.
675 3413 732 3456 36
753 3416 797 3458 h.
823 3419 854 3458 t.
881 3415 1022 3460 Suar.
1049 3414 1107 3467 V,
1142 3414 1184 3466 4,
1220 3414 1265 3470 8,

191 3483 354 3532 Collet
386 3484 491 3543 Cap
533 3482 590 3534 V,
612 3482 740 3528 Sect.
766 3484 808 3534 2,
835 3498 875 3529 a.
904 3485 948 3539 l;
974 3484 1021 3530 S.
1050 3485 1264 3545 Alph.1,

198 3555 294 3599 145.
330 3553 593 3614 Ejusmodi
630 3567 743 3598 vero
795 3554 941 3599 hodie
989 3562 1261 3601 censentur

192 3637 320 3685 qnae
344 3624 541 3670 civibus
564 3626 614 3669 in
640 3623 840 3683 publico
863 3625 1086 3684 caedere,
1111 3626 1263 3686 depa-

189 3708 343 3749 scere,
367 3696 575 3754 piscari;
603 3707 732 3754 quae
757 3694 878 3740 urbe
903 3709 1151 3742 annonam
1178 3710 1262 3742 ex·

1360 1708 1571 1762 trahere,
1595 1708 1672 1753 vel
1698 1705 1890 1766 aliquid
1915 1706 2094 1751 inferre
2118 1706 2308 1759 vetant,
2324 1715 2429 1751 non

1360 1779 1580 1839 depenso
1620 1778 1856 1836 vectigali
1901 1776 2099 1836 (Laym.
2128 1781 2199 1821 “ιι.
2243 1775 2286 1820 2.
2326 1773 2442 1822 Sel-

1361 1856 1478 1895 inat.
1502 1864 1548 1895 ιι.
1573 1851 1642 1894 54.
1663 1850 1712 1895 S.
1736 1848 1884 1908 Alph
1909 1847 1947 1901 1
1978 1848 2101 1893 145:
2129 1860 2256 1907 quae
2280 1844 2427 1892 laicis

1361 1917 1513 1970 aleas,
1534 1921 1584 1962 et
1616 1917 1763 1962 ludos
1787 1913 2055 1975 prohibent
2079 1913 2134 1968 (S
2174 1913 2320 1973 Alph.
2341 1911 2431 1966 111,

1362 1989 1486 2045 885).
1522 1971 1793 2047 Nunqualn
1828 1999 1944 2031 vero
1976 1984 2114 2044 leges
2150 1997 2273 2043 pure
2305 1995 2427 2044 poe-

1360 2058 1500 2104 nales
1515 2058 1831 2118 quaerendae
1851 2056 2044 2102 suntin
2063 2055 2144 2100 his
2160 2067 2288 2114 quae
2305 2046 2438 2100 sunt

1364 2130 1494 2173 mala
1527 2133 1723 2178 natura,
1758 2127 1836 2172 vel
1871 2126 2069 2187 publice
2103 2125 2400 2185 perniciosa.

1415 2201 1471 2243 57
1498 2199 1665 2245 Tolet..
1693 2199 1798 2244 Sot.
1817 2198 1856 2252 I,
1879 2197 1961 2252 VI,
1993 2201 2036 2242 4.
2066 2195 2208 2243 Snar.
2235 2194 2294 2247 V,
2315 2196 2429 2246 3.·6.

1423 2271 1480 2315 58
1506 2270 1560 2315 D.
1588 2269 1708 2315 Tho.
1742 2268 1773 2315 1.
1800 2281 1840 2315 c.
1867 2268 2010 2315 Suar.
2036 2266 2094 2321 V,
2117 2266 2203 2320 IV,
2222 2267 2266 2312 7.
2287 2270 2433 2314 Com·

1361 2343 1538 2386 munis
1578 2343 1840 2388 sentencia
1875 2343 1968 2394 est,
1998 2350 2100 2384 non
2140 2339 2266 2384 dari
2296 2340 2438 2395 lenes·
2528 2368 2548 2395 r.

1364 2415 1626 2459 Ecclesiae
1650 2424 1787 2459 mere
1804 2412 2049 2469 poenales
2080 2408 2169 2464 (cl.
2191 2406 2441 2468 Bouquil·
2518 2407 2523 2410 ’

1362 2484 1456 2529 lon.
1485 2485 1512 2542 ἓ
1546 2485 1668 2537 144):
1697 2486 1760 2528 In
1785 2483 2124 2529 ecclesiastiea
2147 2481 2436 2536 disciplina
2512 2500 2543 2521 s

1361 2558 1491 2612 leyes
1515 2567 1652 2601 mere
1677 2555 1920 2610 poenales
1943 2564 2070 2597 raro
2088 2553 2433 2599 inveniuntur

1360 2624 1693 2683 (Lehmkulil,
1727 2623 1832 2670 Vol.
1867 2623 1903 2678 1,
1937 2623 2059 2679 208).

1423 2707 1483 2750 59
1519 2708 1569 2752 L.
1604 2707 1731 2752 Voet
1764 2707 1836 2762 22,
1871 2706 1915 2760 3,
1949 2707 2017 2752 14.

1421 2771 1479 2822 60
1517 2777 1653 2823 Reiff.
1688 2776 1749 2830 11,
1774 2778 1847 2830 23,
1875 2777 1914 2823 3.
1945 2777 2289 2834 Gonjeeturm
2322 2775 2442 2822 ideo
2529 2766 2548 2792 ·“

1361 2849 1707 2908 praesumptio
1727 2861 1823 2893 non
1844 2848 2033 2894 dicitur
2052 2860 2223 2893 earum
2250 2857 2437 2898 rerum,

1361 2931 1489 2978 quae
1504 2923 1746 2977 apparent
1759 2930 1821 2963 ex
1838 2918 2056 2964 naturali
2075 2923 2126 2964 et
2143 2916 2433 2965 necessaria

1362 2991 1671 3035 connexione
1705 2989 1835 3034 inter
1866 3001 2075 3034 causam
2100 2992 2149 3033 et
2172 2988 2436 3043 effectumz,

1364 3074 1407 3106 v.
1442 3074 1496 3111 c..
1532 3062 1691 3105 coisse
1725 3073 1854 3120 quae
1888 3061 2099 3119 peperit.

1422 3134 1472 3177 61
1515 3130 1570 3175 V.
1610 3129 1676 3175 111
1714 3132 1831 3191 Reg.
1867 3131 1912 3184 2,
1946 3133 2018 3177 24.

1423 3203 1482 3248 62
1503 3202 1677 3249 Barbo.
1700 3204 1749 3247 in
1776 3204 1814 3251 C
1847 3203 1918 3247 30.
1940 3203 2015 3251 De
2033 3203 2268 3260 Sponsal.
2290 3202 2432 3250 Reiff.

1363 3287 1447 3320 nn.
1487 3276 1551 3322 19.
1597 3278 1687 3319 etc.
1738 3274 2152 3334 praesumptione
2196 3276 2434 3331 periculi,

1368 3358 1412 3390 v.
1444 3358 1500 3395 c.,
1534 3344 1718 3389 nititur
1740 3343 1816 3390 lex
1844 3356 1972 3403 quae
1997 3348 2135 3390 vetat
2158 3343 2322 3405 legere
2344 3346 2444 3391 im·

1366 3414 1601 3474 probatae
1635 3414 1874 3460 editionis
1907 3415 2075 3469 libros,
2114 3414 2436 3462 matrimonia

1366 3499 1480 3531 cum
1498 3485 1795 3531 acatholicis
1816 3485 2133 3532 contrahere:
2153 3485 2291 3543 facti
2305 3493 2436 3544 quae

1365 3560 1504 3602 tenet
1523 3556 1831 3616 baptizatum
1855 3557 2014 3602 fuisse
2028 3569 2144 3602 eum
2168 3557 2258 3617 'qui
2280 3561 2438 3602 natus

1365 3642 1426 3673 ex
1463 3627 1757 3685 parentibus
1785 3628 2098 3680 christianis,
2128 3628 2262 3672 inter
2293 3625 2432 3672 chri·-

1367 3699 1562 3745 stianos
1587 3711 1720 3744 more
1747 3698 2024 3744 christiano
2058 3695 2280 3744 adolevit
2309 3696 2386 3755 (Ο.
2406 3696 2442 3743 3
2536 3755 2548 3761 ⁷.

2523 3806 2527 3813 .
2533 3794 2548 3830 ·1“

2518 3832 2548 3874 »ι

2512 3951 2521 3965 ι’
