2548 4042
188 0 293 51 256

545 12 670 51 raas
706 12 859 52 rann
883 9 1345 55 --vuotmoumu·
1361 0 1539 55 mast.
1560 12 1628 55 tv.
1638 0 1727 66 Ὦ
1739 0 2247 64 mm³³12'·

187 185 362 238 ctico:
405 183 570 252 atqui
617 184 1050 253 speculativum
1091 199 1203 239 non
1250 185 1436 248 obest,
1478 185 1693 256 quippe
1735 187 1961 259 praxim
2010 203 2123 244 non
2165 188 2490 267 attingit
2435 158 2439 163 ⁷
2519 155 2548 206 ‘³‘

186 272 279 341 (gg
312 273 975 342 127‚131);practicum
1013 274 1264 337 exsulat,
1292 289 1400 344 ope
1430 275 1698 345 principii
1730 277 1933 332 reflexi
1960 275 2107 351 (18);
2138 294 2283 350 ergo
2320 276 2469 352 qui‘·
2511 275 2542 289 ’

186 362 271 415 sic
315 361 462 428 agit,
512 376 621 415 nec
669 362 854 416 utitur
901 363 1266 417 conscientia
1305 362 1501 428 dubia,
1551 380 1660 420 nec
1702 367 2014 445 committit
2052 382 2118 424 se
2160 369 2422 439 periculo

186 451 467 519 peccandi
498 451 819 505 formaliter
856 447 988 522 (etsi
1020 452 1166 507 forte
1197 452 1627 523 materialiter.)
1657 458 1838 525 atque
1882 454 2013 512 ideo
2041 457 2188 518 nulli
2231 459 2425 515 aeter-

187 554 299 594 nae
340 539 729 595 damnationis
774 541 1032 610 periculo
1073 556 1135 597 se
1178 542 1493 596 committit
1520 540 1651 611 (19).
2432 602 2435 605 ,

258 629 385 683 266.
417 629 601 682 Venio
631 644 785 683 nunc
825 630 898 684 ad
944 629 1373 684 ProbabilistaS.
1403 632 1491 692 Hi,
1523 631 1677 686 absit
1719 633 1898 688 verbo
1939 634 2178 698 invidia,
2216 650 2423 706 parum

184 718 294 773 sibi
323 727 595 773 constare
636 720 927 774 videntur.
963 719 1106 774 Nam
1146 719 1194 775 si
1238 720 1334 775 lex
1363 720 1542 774 dubia
1585 734 1698 775 non
1738 720 1981 791 obligat,
2012 723 2151 793 quia
2187 739 2301 780 non
2331 728 2425 783 est

183 948 411 996 debitum
444 949 718 1009 petendum
740 963 839 997 non
865 951 1104 1004 esse,·sed
1139 963 1251 998 esse

182 1019 495 1066 reddendum
519 1021 591 1078 (C.
610 1022 637 1064 2
656 1022 729 1068 De
751 1023 926 1068 Secum.
944 1023 1101 1079 Nupt.
1119 1022 1171 1069 C.
1193 1023 1249 1066 44

185 1093 259 1139 De
287 1093 332 1136 S.
357 1090 469 1150 E.)?
494 1095 545 1136 et
568 1091 757 1138 Paulus
781 1092 1152 1149 dubitantibus,
1187 1108 1249 1139 an

180 1160 380 1208 licitum
417 1166 552 1208 esset
586 1163 718 1209 vesci
753 1163 1016 1210 suffocatis
1051 1177 1250 1223 respon-

182 1230 277 1276 dit:
301 1233 661 1290 Unusquisque
681 1235 734 1278 in
749 1246 842 1279 suo
855 1247 1009 1280 sensu
1027 1236 1253 1281 abundet

181 1301 411 1355 (Roman.
435 1301 566 1357 XIV,
590 1301 668 1357 5)?
709 1302 807 1348 Sed
839 1303 990 1349 hodie
1014 1304 1163 1350 multi
1188 1318 1248 1350 ex

179 1372 278 1425 his,
300 1374 387 1432 qui
412 1372 851 1419 Probabilioristae
877 1374 1120 1433 appellari
1147 1389 1248 1420 ma-

179 1444 306 1496 lunt,
340 1456 432 1489 ceu
466 1443 618 1497 Berti,
650 1443 830 1490 fratres
864 1443 1121 1501 Ramex-ini,
1143 1447 1247 1491 Wi-

177 1513 355 1573 gandt,
378 1517 488 1566 etc.,
513 1519 561 1559 et
586 1514 708 1560 haec
728 1514 944 1575 denique
969 1515 1249 1561 admittunt

180 1584 259 1631 (V.
293 1584 343 1632 S.
370 1585 518 1645 Alph.
555 1585 592 1638 Ι,
626 1585 717 1640 69).

247 1658 297 1701 18
330 1656 387 1701 V.
424 1657 473 1702 S.
496 1657 645 1716 Alph.
681 1657 717 1709 I,
750 1657 822 1710 69,
856 1657 928 1702 70.
956 1657 1248 1704 Tutioristis

182 1731 454 1787 utrumque
505 1727 718 1773 dubium
762 1730 841 1773 est
889 1741 1045 1773 unum
1099 1732 1249 1789 atque

178 1798 311 1843 idem
333 1812 542 1858 prorsus
562 1800 610 1854 (g
630 1799 728 1852 127,
748 1798 835 1855 12).
855 1798 973 1843 Inde
994 1803 1250 1859 nequeunt

180 1873 290 1918 (aut
324 1869 522 1917 nolunt>
556 1870 971 1923 animadvertere,
999 1871 1249 1931 quomodo

178 1939 247 1995 id,
281 1941 414 2000 quod
448 1940 761 2000 speculative
797 1940 1006 1986 dubium
1034 1945 1125 1994 est,
1151 1954 1250 1987 non

177 2011 248 2058 sit
271 2012 424 2056 etiam
443 2013 662 2070 practice
687 2011 927 2065 dubium3
952 2016 1001 2057 et
1025 2013 1118 2058 hac
1142 2027 1249 2072 per-

175 2084 332 2141 petua
366 2082 779 2141 aequivocatione
829 2087 877 2127 et
926 2084 1248 2130 cavillatione

175 2153 493 2199 insectantur
512 2152 889 2198 Probabilistas.
910 2154 974 2198 Et
991 2154 1250 2200 nihilomi-

176 2237 273 2269 nus
308 2227 482 2282 aperta
516 2236 595 2268 res
630 2227 720 2268 est.
751 2224 802 2270 Si
828 2226 899 2269 ita
921 2226 1250 2270 ratiocinave-

176 2295 296 2339 rim:
332 2295 448 2340 Non
492 2300 717 2349 constat,
750 2299 931 2339 utrum
964 2299 1103 2341 eoetet
1135 2298 1241 2349 lece,

174 2378 309 2422 quae
347 2369 475 2412 vetet
516 2370 815 2411 contractus
866 2368 1031 2411 trinos
1080 2368 1244 2414 inire.-

174 2439 264 2483 sed
296 2439 390 2488 hic,
424 2450 571 2493 quem
607 2438 742 2483 inire
770 2438 897 2488 υοῑο,
935 2441 1010 2483 est
1040 2442 1248 2483 eontra-

174 2512 289 2554 ctus
334 2510 505 2553 trinus
559 2509 749 2564 Eryo...
784 2507 1036 2564 Quidnam
1082 2508 1248 2562 sodes,

174 2578 355 2624 inferre
400 2578 609 2624 licebit?
656 2578 803 2632 Num,
850 2591 958 2623 esse
1008 2578 1243 2624 illicitum

174 2650 302 2694 inire
345 2648 481 2694 hunc
521 2647 872 2694 contractum?
913 2649 1061 2693 Haud
1097 2653 1244 2704 certe,

175 2723 225 2764 et
255 2720 425 2779 palam
460 2723 559 2773 est3
594 2719 683 2764 sed
709 2745 727 2754 -
757 2719 890 2775 Ενρο
913 2731 1016 2764 non
1042 2724 1248 2764 constat

172 2794 499 2836 contractum
531 2794 666 2835 hunc
690 2792 796 2845 leye‘
828 2791 1011 2835 vetari.
1038 2789 1167 2836 Sane
1197 2791 1244 2835 si

174 2874 280 2919 ego,
299 2862 539 2919 ignorans
564 2874 625 2905 ex
646 2860 756 2919 lege
776 2860 968 2905 incerta
992 2859 1068 2904 vel
1091 2859 1245 2906 dubia

172 2935 365 2980 nullam
412 2934 770 2993 obligationem
815 2934 947 2983 oriri,
994 2933 1243 2988 haeream,

174 3017 351 3049 verens
393 3018 453 3049 ne
493 3006 562 3050 sit
596 3004 836 3050 illicitum
877 3005 1003 3050 inire
1041 3007 1242 3050 contra-

174 3078 311 3119 ctum
339 3076 647 3134 liuJusmodi,
670 3074 838 3134 palam
875 3078 966 3126 est,
992 3087 1069 3120 me
1093 3075 1243 3120 dubio

175 3146 394 3203 practico
431 3145 677 3199 laborare;
714 3149 863 3204 atque
896 3144 1007 3191 ideo
1042 3148 1242 3191 contra·

173 3214 307 3267 here,
342 3229 438 3260 non
464 3230 607 3273 posse
634 3217 704 3273 (C.
730 3216 799 3261 35.
825 3218 900 3263 De
926 3217 1164 3273 Simon.s):
1195 3218 1247 3262 at

174 3287 233 3341 si,
268 3285 320 3331 id
353 3287 531 3332 sciens.
577 3299 882 3346 prosequar:
917 3290 1052 3344 quod
1093 3288 1245 3332 nulla

172 3361 317 3403 certa
341 3358 447 3413 leae
468 3359 683 3402 vetitum
708 3363 796 3411 est,
822 3360 971 3405 licet.-
995 3361 1145 3415 atqua·
1164 3359 1246 3403 hic

172 3431 472 3473 contractus
504 3428 655 3471 nulla
696 3432 838 3474 certa
878 3430 985 3485 leye
1027 3430 1243 3475 vetitum

174 3501 277 3543 est.-
310 3509 428 3553 erqo
462 3498 614 3549 licet‚·
646 3499 762 3555 quis
795 3512 895 3543 non
925 3498 1063 3544 videt
1095 3511 1242 3544 omne

171 3580 380 3626 prorsus
428 3566 640 3613 dubium
692 3567 838 3614 heinc
898 3569 1238 3616 evanescere?

171 3637 300 3683 Nam
337 3651 463 3698 quae
498 3651 556 3682 ex
594 3637 791 3683 duabus
819 3641 1115 3697 praemissis
1140 3654 1242 3686 cer-

171 3708 392 3754 tissimis
441 3709 637 3753 eruitur
684 3709 955 3763 conclusio,
990 3710 1240 3769 quomodo

1350 965 1450 998 non
1469 955 1607 999 certa
1626 952 1714 999 illa
1737 955 1829 1004 est.
1847 967 1937 1001 nec
1960 958 2148 1002 certam
2169 958 2426 1006 conscien-

1351 1023 1472 1068 tiam
1508 1022 1767 1083 praestat?
1805 1025 2061 1081 Quamdiu
2095 1029 2267 1074 autem
2303 1030 2422 1091 quis

1350 1096 1518 1139 certus
1543 1098 1637 1148 est,
1665 1108 1719 1139 se
1744 1094 1805 1141 ab
1833 1109 1888 1141 eo
1911 1099 2175 1144 contractu
2198 1098 2419 1148 ineundo

1351 1162 1491 1209 nulla
1525 1163 1634 1224 lege
1668 1165 1939 1224 prohiberi,
1976 1171 2126 1227 atque
2171 1167 2284 1216 ideo
2320 1159 2450 1218 rem'

1350 1246 1450 1279 non
1506 1234 1739 1281 illicitam
1795 1236 1969 1291 facere,
2007 1250 2209 1295 parum
2258 1239 2428 1299 refert
2491 1271 2494 1275 -

1350 1307 1484 1361 quod
1507 1307 1716 1361 dubitet,
1737 1318 1809 1353 an
1835 1309 1959 1353 talis
1981 1310 2119 1356 actio
2139 1314 2423 1358 secundum

1350 1387 1420 1429 se,
1466 1381 1510 1422 et
1553 1379 1904 1423 materialiter
1938 1382 2308 1436 peccaminosa
2349 1382 2425 1428 sit
2510 1409 2518 1419 ·

1351 1445 1499 1502 (Suar
1545 1447 1618 1492 De
1666 1448 1876 1495 Censur.
1921 1449 1993 1503 40,
2035 1450 2077 1505 5,
2118 1451 2207 1508 14).
2253 1450 2419 1508 Dices,

1350 1530 1465 1562 cum
1490 1517 1549 1563 el.
1576 1517 1895 1579 Bouquillon‚
1915 1520 2201 1567 materiales
2219 1534 2423 1583 quoque

1349 1586 1478 1647 legis
1521 1590 1956 1647 transgressiones
2006 1591 2257 1638 cavendas
2309 1605 2423 1640 esse

1350 1659 1398 1715 (ξ
1422 1658 1525 1714 263,
1555 1660 1615 1715 1);
1644 1661 1716 1705 ita
1739 1673 1900 1719 poi-rc,
1925 1659 2014 1706 sed
2037 1674 2154 1708 cum
2177 1661 2424 1711 lexcerta

1350 1732 1429 1774 est
1461 1732 1511 1774 et
1536 1729 1820 1784 manifesta,
1843 1743 1942 1776 non
1967 1731 2088 1777 item
2112 1744 2228 1778 cum
2250 1736 2330 1780 est
2346 1733 2424 1780 in-

1351 1802 1486 1845 certa
1520 1800 1597 1845 vel
1624 1800 1776 1846 dubia
1801 1803 1848 1856 (ἓ
1871 1802 1968 1854 162,
1997 1802 2093 1859 19);
2114 1801 2240 1849 alias
2264 1816 2425 1851 erras-

1350 1872 1463 1915 sent
1503 1869 1605 1916 RR.
1643 1870 1746 1923 ΡΡ.,
1781 1874 1999 1917 errasset
2033 1871 2222 1919 Paulus
2257 1874 2326 1932 (n.
2349 1874 2420 1932 7):

1349 1941 1431 1986 lex
1464 1941 1758 2001 hujusmodi
1792 1942 1986 1988 nullam
2021 1941 2280 2003 obligandi
2313 1945 2439 1992 vim¹

1351 2011 1517 2065 habet,
1557 2013 1702 2072 cujus
1749 2013 1958 2072 proinde
2007 2026 2098 2060 nec
2139 2014 2417 2063 materialis

1350 2085 1690 2142 transgressio
1724 2084 1940 2144 intelligi
1975 2087 2158 2144 potest.

1419 2155 1468 2197 19
1500 2153 1864 2200 Probabilistae
1893 2155 2018 2201 haec
2041 2156 2093 2201 in
2118 2155 2423 2204 Probabilio·

1351 2224 1505 2269 ristas
1548 2226 1866 2284 retorquent:
1901 2239 2035 2279 nam,
2067 2228 2228 2286 ajunt,
2261 2240 2438 2289 neque,

1350 2295 1631 2340 sententias
1662 2307 1789 2353 quas
1813 2296 1912 2355 ipsi
1936 2300 2221 2355 sequuntur
2243 2310 2421 2345 vacare

1350 2364 1520 2420 dubi0‚
1543 2369 1695 2425 atque
1719 2365 1831 2411 ideo
1855 2366 2110 2424 peccandi,
2129 2380 2186 2414 ac
2209 2367 2419 2427 proinde

1350 2439 1588 2482 aeternae
1643 2435 2000 2491 damnationiS,
2053 2438 2292 2497 periculo.
2344 2438 2424 2487 Ita

1351 2520 1488 2560 sane,
1506 2508 1548 2551 si
1564 2506 1616 2551 hi
1634 2521 1804 2553 revera
1816 2508 2137 2567 opinionibus
2151 2509 2423 2558 dumtaxat

1351 2576 1773 2635 probabilioribus
1824 2572 2045 2624 contenti
2091 2582 2285 2626 essent:
2331 2579 2423 2627 sed

1347 2660 1462 2692 cum
1498 2651 1667 2707 aperte
1709 2649 2055 2707 profiteantur,
2092 2662 2146 2695 se
2180 2649 2416 2710 probabi*

1346 2717 1571 2764 lissimas
1632 2722 1833 2765 tuntum
1894 2720 2170 2775 (moraliter
2229 2722 2411 2780 certas)

1347 2789 1626 2834 sententias
1652 2794 1828 2836 contra
1855 2790 2015 2849 legem
2046 2790 2313 2836 admittere
2342 2789 2419 2850 (V.

1347 2857 1395 2903 S.
1430 2858 1579 2917 Alph.
1618 2860 1696 2914 Sy.
1733 2864 1781 2903 et
1822 2860 1939 2904 Mor.
1981 2861 2009 2919 ς
2050 2860 2111 2915 II,
2146 2874 2190 2906 v.
2225 2863 2422 2909 Dicunt

1346 2931 1540 2986 iyitur),
1565 2929 1693 2974 nihil
1723 2930 1862 2975 aliud
1886 2930 2296 2990 respondendum
2329 2945 2417 2978 su·

1345 3002 1484 3058 perst
1521 3000 1635 3054 nisi,
1672 3004 1729 3044 ut
1764 2999 1954 3059 abjecto
2003 3000 2245 3047 simulato
2278 3002 2412 3047 Pro-

1346 3072 1794 3116 babilioriscarum
1846 3071 2063 3126 nomine,
2112 3067 2295 3118 abeant
2351 3071 2417 3119 ad

1354 3142 1690 3188 Tutioris-tas,

1405 3212 1498 3257 Est
1529 3214 1579 3257 et
1612 3209 1751 3257 aliud
1785 3210 2312 3259 Probabilioristarum
2337 3226 2414 3260 ar·

1343 3297 1410 3343 gu
1418 3285 1657 3328 mentum.
1678 3284 1810 3332 Quia
1829 3285 2115 3329 absurdum
2127 3286 2206 3329 est
2221 3284 2409 3339 dicere,

1339 3356 1576 3413 praviter
1596 3367 1843 3411 peccasse
1874 3357 2180 3402 innumeros
2198 3354 2311 3400 DD.
2332 3357 2417 3400 do-

1342 3430 1516 3472 ctrina
1555 3431 1605 3473 et
1639 3428 1842 3482 pietate
1882 3426 2134 3482 instanes,
2175 3427 2412 3473 docentes

1342 3501 1475 3542 istas
1487 3500 1579 3542 doc
1586 3498 1757 3542 trinas
1762 3497 2142 3553 probabiliore-5
2161 3494 2412 3550 (Billuart.

1341 3572 1414 3615 De
1446 3569 1647 3614 actibus
1677 3569 1890 3613 human.
1923 3566 2058 3612 Dies,
2091 3565 2173 3618 VI,
2208 3568 2311 3611 Art.
2346 3565 2409 3623 3).

1342 3638 1440 3684 Sed
1475 3638 1569 3683 hoc
1602 3639 1899 3697 argumento
1933 3637 2085 3682 etiam
2130 3634 2410 3682 Probabili-

1340 3713 1450 3755 stae
1488 3710 1562 3754 uti
1594 3711 1837 3767 possunt.
