2554 4004
229 10 291 66 10
1211 15 1471 74 ramim!

1995 10 2004 19 .
2034 0 2223 33 *was-„x
2243 0 2393 37 Kyme...
2429 20 2436 30 ,

2034 43 2037 52 ι
2134 38 2188 55 ι’.
2206 37 2226 54 ν’

222 110 556 189 Henriquez
614 112 757 191 (31),
830 112 1104 175 Sanchez
1156 113 1297 194 (32),
1353 116 1526 178 Salas
1577 116 1718 195 (33),
1769 119 2092 183 Suarest'us
2142 98 2290 203 (34),
2333 116 2554 191 R0.⁴“.:{

224 209 460 286 driquez
526 206 683 288 (35),
727 207 1004 267 Duardus
1079 207 1223 285 (36),
1282 209 1602 271 Filiuccius
1666 211 1807 287 (37),
1869 212 2241 292 Reginaldus
2312 197 2490 295 (38),·
2503 204 2554 294 {gi

221 302 461 361 Lesszus
490 302 629 378 (39),
678 302 965 379 Layman
992 303 1135 378 (40),
1182 303 1431 362 Pontius
1475 303 1624 384 (41),
1669 306 1992 367 Bonaczna
2027 307 2179 387 (42),
2226 308 2455 370 Konin·

222 396 387 455 chius
418 395 557 470 (43),
604 396 822 454 Palaus
854 396 996 470 (44),
1043 396 1372 455 Ildefonsus
1396 395 1541 473 (45),
1574 397 1825 458 Alvarez
1855 398 2004 480 (46),
2055 400 2284 461 Silvius
2304 399 2458 484 (47),

221 490 561 551 Dicastillus
621 489 777 564 (48),
844 490 1189 549 Thesaurus
1249 491 1405 565 (49),
1477 490 1708 550 Aversa
1767 493 1915 568 (50),

280 639 332 683 31
363 639 628 690 Henricus,
662 638 975 691 Lusitanus,
1007 636 1055 683 S.
1079 637 1115 683 Ι.
1141 637 1306 697 Magi-

219 712 324 756 ster
357 710 596 757 Suaresii.
629 708 684 757 Ο.
716 710 842 755 1608.

279 781 338 826 32
379 780 599 826 Thomas
635 778 994 834 Cordubensis,
1027 778 1079 825 S.
1127 778 1164 825 Ι.
1198 778 1286 824 Vir

218 852 268 899 S.
291 851 552 911 Alphonso
575 850 662 903 111.
684 851 786 904 478,
804 852 1082 907 piissimus
1113 855 1158 897 el
1189 863 1279 894 sa-

210 923 585 980 pientissimus.
626 921 785 967 Multa
819 921 918 967 late
953 934 1009 967 ac
1043 920 1283 974 dilucide,

217 991 308 1040 sed
352 994 405 1039 in
454 993 633 1052 primis
680 996 747 1039 De
789 993 1128 1037 Maerz‘mom'o
1179 993 1281 1036 tam

217 1062 379 1124 plene,
412 1067 644 1110 accurate
680 1076 735 1108 ac
769 1062 929 1109 solide
971 1063 1191 1122 scripsit,
1226 1064 1284 1107 ut

218 1134 345 1182 nihil
379 1149 546 1195 supra.
580 1135 635 1183 O.
669 1135 794 1181 1610.

276 1206 336 1251 33
361 1205 590 1260 Ioannes,
623 1205 898 1265 Hispanus,
938 1205 986 1252 S.
1011 1204 1046 1250 Ι.
1069 1206 1126 1254 Ο.
1157 1205 1282 1250 1613.

276 1275 334 1321 34
358 1277 676 1331 Franciscus‚
700 1278 968 1332 Granatae,
993 1278 1040 1324 S.
1066 1278 1100 1322 Ι.
1128 1280 1170 1323 Α
1195 1278 1283 1324 Be·

216 1347 327 1394 ned.
347 1346 475 1393 XIV.
495 1349 718 1405 Maynus
741 1351 1019 1406 Theoloyus
1033 1352 1081 1393 et
1098 1350 1284 1395 Doctor

216 1419 448 1466 eximius
463 1418 762 1478 appellatus.
781 1421 1076 1465 Communis
1095 1418 1282 1465 idcirco

218 1493 402 1537 Doctor-
417 1493 503 1535 sui
520 1493 638 1537 aevi
660 1494 1003 1550 nuncupatus.
1025 1490 1283 1536 Permulta

214 1560 464 1607 latissime
489 1564 538 1607 et
561 1561 906 1607 eruditissime
936 1561 1163 1621 scripsit;
1192 1561 1281 1607 sed

214 1633 266 1677 in
290 1633 469 1692 primis
492 1635 564 1680 De
584 1633 822 1689 Leyibus,
846 1636 896 1678 et
919 1635 989 1680 De
1020 1635 1280 1679 Cen-suris.

212 1703 373 1763 Opera
396 1704 506 1750 eius
532 1704 841 1750 aurifodinas
863 1704 1103 1750 dixerim:
1124 1705 1211 1764 qui
1236 1705 1281 1749 si

214 1774 631 1822 distinctionibus
665 1780 714 1821 et
738 1775 815 1822 vel
841 1776 1278 1835 ineptissimarum

213 1847 504 1906 opinionum
539 1846 928 1893 refutationibus
969 1846 1280 1906 pepercisset

212 1921 263 1962 et
286 1916 496 1963 breviori
516 1918 650 1977 stylo
676 1931 800 1963 usus
819 1921 970 1971 esset,
989 1918 1202 1963 forsitan
1227 1917 1279 1961 iu

213 1988 448 2033 manibus
464 1989 690 2034 omnium
709 1992 1016 2042 versaretur;
1032 1991 1280 2034 nocturna

210 2058 445 2118 profecto,
478 2058 759 2120 diurnaque
794 2072 948 2105 manu
980 2059 1276 2105 versandus.

210 2129 266 2177 Ο.
306 2130 434 2176 1617.
472 2130 566 2175 Est
598 2133 649 2175 et
681 2130 809 2176 alter
844 2130 1028 2176 Suarez
1068 2130 1277 2187 (Ioann.)

208 2199 507 2255 Lusitanus,
536 2201 654 2249 Ord.
688 2201 734 2247 S.
763 2204 907 2260 Aug,
930 2202 1017 2261 qui
1040 2201 1277 2247 interfuit

211 2270 520 2327 Tridentino,
553 2275 603 2317 et
636 2271 713 2318 ob.
743 2273 870 2318 1580.

270 2342 330 2387 35
354 2343 667 2397 Emmanuel,
693 2343 923 2390 Lusitan.
945 2343 1001 2391 Ο.
1024 2343 1072 2390 S.
1099 2344 1274 2389 Franc.

210 2412 495 2472 Theologus
529 2417 578 2459 et
610 2414 902 2461 Canonista.
934 2414 990 2461 O.
1022 2415 1154 2459 1619.

267 2483 327 2528 36
354 2483 643 2531 Leonardus
678 2486 734 2534 Ο.
767 2485 1002 2534 Clericor.
1037 2484 1270 2543 Regular.

207 2552 267 2601 U.
289 2553 325 2599 Ι.
350 2554 407 2601 D.
442 2558 713 2603 Commeat.
748 2559 805 2602 in
837 2558 976 2601 Ball.
998 2559 1183 2603 lectam
1217 2557 1272 2600 in

209 2626 293 2673 die
306 2638 496 2674 coenae
514 2630 719 2673 Domini
737 2627 928 2674 1618.0.
947 2630 1128 2686 posta
1149 2627 1275 2671 1620.

266 2696 326 2741 37
348 2696 664 2750 Vincentius,
694 2698 872 2751 Italus,
906 2699 952 2743 S.
988 2698 1025 2743 1.
1056 2699 1109 2745 Ο.
1146 2698 1274 2745 1622.

265 2767 324 2812 38
352 2767 603 2822 Valerius,
627 2769 820 2823 Gallus,
845 2769 892 2815 S.
918 2767 953 2814 Ι.
978 2769 1034 2814 In
1067 2770 1175 2813 iure
1201 2770 1270 2814 ci·

209 2838 295 2883 vili
331 2840 554 2899 apprime
587 2839 783 2890 doctus,
807 2852 956 2898 quem
983 2839 1031 2884 S.
1059 2839 1271 2886 Carolus

205 2908 424 2954 Borrom.
448 2914 496 2953 et
520 2910 567 2956 S.
590 2910 845 2956 Francisc.
874 2909 1103 2955 Salesius
1125 2909 1271 2958 Clero

209 2980 637 3027 commendarunt.
657 2981 701 3026 S.
716 2980 863 3040 Alph.
882 2981 1014 3025 inter
1032 2980 1271 3026 classicos

208 3062 321 3093 eum
357 3054 593 3095 recenset.

266 3118 325 3162 39
359 3120 667 3173 Leonardus,
716 3122 884 3180 Belga,
934 3122 984 3168 S.
1027 3122 1061 3166 I.
1110 3121 1271 3167 Multa

208 3190 428 3247 scripsit,
452 3190 538 3233 sed
565 3192 612 3234 in
639 3192 815 3248 primis
842 3194 914 3239 De
942 3195 1065 3238 lust.
1085 3197 1130 3239 ec
1149 3194 1274 3239 Iure

209 3259 368 3319 (Opus
399 3274 427 3304 a
450 3260 495 3305 S.
522 3260 602 3305 Fr.
625 3260 817 3307 Salesio
843 3262 1270 3321 commendatum)

205 3329 323 3383 late,
341 3329 513 3377 solide,
535 3335 582 3373 et
604 3344 664 3375 ex
690 3330 815 3375 bono
840 3335 888 3375 et
911 3345 1082 3391 aequo,
1107 3334 1270 3392 magis

209 3413 361 3459 quam
395 3413 456 3444 ex
491 3399 719 3458 apicibus
745 3402 895 3455 iuris,
923 3402 983 3447 ab
1006 3404 1133 3462 ipsis
1160 3405 1271 3450 aevi

209 3475 290 3519 sui
306 3473 809 3532 TT.sapientissimis
830 3490 977 3535 saepe
990 3479 1272 3525 consultus.

207 3544 263 3591 Ο.
298 3545 421 3589 1623.

266 3614 324 3658 40
349 3615 556 3666 Paulus,
584 3615 879 3669 Germanus,
908 3617 953 3663 S.
981 3618 1014 3662 Ι.
1055 3621 1265 3665 Theolo-

201 3686 293 3741 ρέα
312 3687 540 3731 moralis.
555 3686 661 3731 Lib.
682 3686 736 3731 V.
760 3690 1035 3744 Theoloyus
1053 3694 1270 3735 moralis

206 3757 357 3812 nulli,
391 3761 488 3800 aut
515 3755 629 3813 fere
661 3759 798 3803 nulli
820 3762 1076 3805 secundus
1099 3759 1266 3819 (Alph.

1991 493 2230 559 Lezana
2303 495 2456 573 (51),

1391 636 1439 682 M
1445 637 1676 684 uzzarelli
1693 641 1761 685 De
1775 642 2077 699 requl.opz’n.
2089 644 2295 699 moral.)
2310 642 2459 690 Prae·

1390 711 1494 754 stat
1517 708 1707 765 ordine,
1729 712 2090 771 perspicuitate
2114 714 2163 758 et
2186 714 2455 773 utriusque

1389 779 1515 824 iuris
1550 780 1751 839 peritia:
1778 782 2043 828 consultus
2077 782 2302 843 undique
2330 782 2453 829 dum

1389 849 1580 895 viveret
1614 865 1642 895 a
1676 852 1882 896 remotis
1916 852 2056 899 locis.
2090 853 2145 901 O.
2179 854 2303 899 1625.

1449 921 1498 963 41
1539 919 1778 973 Basilius,
1811 920 2087 980 Hispanus,
2120 922 2237 971 Ord.
2267 922 2316 971 S.
2340 923 2452 971 Au-

1385 994 1519 1049 gust.
1539 989 1810 1037 Benedicto
1827 991 1940 1037 XIV
1953 995 2136 1048 aravis
2163 994 2456 1052 Theoloaus.

1387 1061 1561 1114 Multa,
1596 1061 1684 1107 sed
1719 1064 1769 1107 in
1798 1063 1974 1122 primis
2003 1066 2072 1111 De
2095 1065 2457 1121 Matrimonia,

1386 1132 1593 1191 scripsit
1626 1131 1725 1179 late
1759 1136 1809 1177 et
1843 1133 2064 1179 erudite:
2101 1133 2366 1182 Sanchezii
2398 1135 2454 1183 in

1386 1216 1443 1248 eo
1468 1204 1717 1259 aemulus,
1740 1209 1790 1251 et
1812 1220 1911 1252 non
1936 1220 2130 1267 aequus
2148 1206 2451 1269 plerumque

1385 1274 1702 1322 obtrectator.
1726 1276 1784 1324 Ο.
1812 1278 1938 1323 1629.
1962 1278 2054 1324 Est
2078 1278 2210 1324 alius
2239 1278 2452 1326 Pontius

1386 1345 1635 1404 (Ioannes)
1650 1347 1768 1393 item
1783 1344 2059 1408 Hispanus,
2074 1348 2189 1396 Ord.
2210 1348 2259 1396 S.
2272 1348 2450 1397 Franc.

1385 1416 1470 1474 qui
1505 1430 1547 1462 o.
1576 1418 1704 1464 1644.

1444 1488 1503 1531 42
1534 1488 1734 1535 Martin.
1772 1489 2179 1541 Mediolanensis.
2213 1502 2274 1536 ex
2313 1490 2448 1539 Con·

1384 1571 1520 1617 greg.
1545 1558 1838 1606 Oblatorum
1874 1560 1963 1608 SS.
1989 1560 2246 1608 Ambrosii
2278 1563 2330 1607 et
2357 1559 2452 1608 Ca·

1384 1627 1490 1673 roli.
1526 1630 1745 1676 Disserit
1777 1631 1935 1677 latius
1973 1635 2024 1677 et
2066 1633 2316 1679 accurate.
2346 1629 2453 1687 Vir,

1383 1701 1512 1745 teste
1546 1700 1722 1756 Gobat,
1756 1715 1885 1749 sane
1911 1705 2160 1759 prudens,
2194 1702 2248 1750 Ο.
2279 1701 2408 1749 1631.

1444 1771 1503 1816 43
1525 1772 1786 1831 Aegidius.
1820 1772 1989 1832 Belga,
2023 1772 2071 1820 S.
2105 1772 2142 1819 1.
2174 1771 2341 1819 Lessii
2375 1771 2453 1819 di·

1383 1840 1629 1900 scipulus.
1662 1841 1715 1890 Ο.
1753 1843 1877 1887 1633.

1444 1914 1501 1956 44
1534 1911 2306 1972 Castropalaus-Ferdinandus,
2350 1912 2447 1959 Hi·

1384 1996 1590 2042 spauuS,
1628 1983 1676 2030 S.
1699 1983 1734 2029 Ι.
1760 1984 1911 2044 Apud
1940 1998 2060 2031 suos
2084 1984 2321 2044 aequales
2345 1996 2450 2030 ma·

1383 2056 1508 2101 ximi
1524 2056 1637 2110 fuit,
1657 2060 1704 2101 et
1722 2056 1892 2115 magni
1913 2054 2243 2116 proculdubio
2265 2054 2447 2102 facien-

1383 2125 1494 2171 dus.
1528 2127 1581 2174 O.
1612 2127 1739 2172 1633.

1442 2200 1500 2243 45
1531 2199 1666 2245 Ioan.
1710 2201 1957 2260 Baptista,
1993 2199 2271 2259 HispanuS,
2303 2198 2360 2247 Ο.
2394 2199 2448 2246 Ρ.

1382 2271 1548 2318 Huius
1568 2286 1696 2332 opus
1713 2275 1922 2327 (Comm.
1941 2274 1997 2318 in
2012 2271 2101 2318 1.2.
2111 2273 2170 2318 D.
2184 2273 2449 2328 Thomas),

1381 2343 1433 2388 in
1467 2358 1566 2404 quo
1599 2345 1660 2389 de
1695 2344 2054 2391 Probabilismo
2087 2344 2246 2390 latius
2284 2346 2335 2388 et
2365 2354 2447 2389 ac·

1381 2416 1621 2467 curatius,
1641 2429 1758 2475 prae
1785 2415 1982 2468 ceteris,
2001 2414 2221 2467 disserit,
2247 2412 2445 2460 editum

1378 2484 1477 2531 fuit
1500 2500 1558 2531 ex
1583 2486 1778 2531 formali
1803 2488 2070 2546 praecepto
2102 2483 2328 2546 Capituli
2351 2483 2468 2540 (ἂρ-7

1378 2557 1564 2602 neralis
1591 2558 1670 2602 sui
1695 2557 1901 2605 Ordinis
1927 2570 2056 2602 anno
2082 2557 2208 2602 1644.
2230 2555 2285 2603 Ο.
2314 2554 2446 2614 1639.
2501 2604 2508 2611 ,

1437 2629 1495 2672 46
1513 2627 1754 2679 Didacus,
1772 2628 2047 2687 Hispanus,
2067 2629 2120 2672 Ο.
2136 2627 2224 2672 ΡΡ.
2242 2625 2444 2675 0.1640.
2478 2627 2482 2629 ’
2503 2620 2506 2621 ’

1438 2691 2446 2752 47Franc‘.DeBoix,GalluS,Canonicus,
2552 2720 2554 2723 ·

1376 2768 1536 2815 Fidus
1568 2770 1816 2828 interpres
1840 2769 1898 2814 D.
1924 2769 2165 2815 Thomae:
2186 2769 2303 2815 Ben.
2330 2765 2445 2814 xiv
2523 2830 2527 2834 ⁵

1375 2843 1555 2898 Maym'
1578 2842 1805 2888 nominis
1838 2843 2117 2897 Theoloyus
2149 2839 2328 2900 (Epist.
2350 2841 2446 2885 De·

1375 2914 1598 2958 clarusci
1628 2914 1809 2967 nobis),
1831 2916 1880 2956 ct
1903 2911 1948 2958 S.
1973 2910 2235 2970 Alphonso
2257 2911 2443 2957 doctis·

1375 2985 1543 3027 simus
1575 2986 1624 3027 et
1656 2985 2077 3040 sapientissimus
2108 2982 2180 3039 (S.
2202 2982 2345 3039 Aeph.
2377 2979 2444 3032 11,

1375 3054 1448 3107 55,
1471 3053 1554 3107 VI,
1583 3055 1709 3113 604).
1732 3057 1781 3100 Ο.
1815 3054 1939 3098 1649.

1435 3125 1494 3168 48
1516 3123 1746 3175 Ioannes,
1779 3123 2159 3183 Neapolitanus,
2185 3122 2235 3170 S.
2257 3122 2294 3169 Ι.
2316 3122 2440 3170 Pius

1375 3199 1424 3242 et
1458 3197 1648 3243 doctus.
1685 3198 1742 3245 O.
1772 3197 1898 3243 1653.

1431 3269 1492 3312 49
1518 3267 1729 3315 Carolus
1755 3267 1804 3314 S.
1831 3267 1863 3311 1.
1887 3270 1960 3314 De
1983 3268 2170 3313 Poenis
2190 3267 2443 3314 Ecclesia·

1373 3340 1535 3385 Stieis,
1560 3340 1687 3386 Cum
1709 3338 2122 3384 adnotationibus
2146 3336 2330 3384 Ubaldi
2353 3337 2466 3385 Giae'

1374 3409 1514 3455 raldi.
1542 3409 1599 3457 Ο.
1624 3413 1752 3469 post.
1789 3423 1867 3454 an.
1899 3410 2026 3453 1653.

1433 3481 1492 3524 50
1513 3480 1752 3539 Raphael‚
1785 3479 2101 3539 Neapolitan.
2135 3479 2310 3528 Cleric.
2333 3479 2436 3526 Re·

1371 3551 1579 3610 gularis.
1608 3551 1662 3598 O.
1693 3553 1820 3597 1657.

1431 3623 1484 3665 51
1508 3621 1677 3667 Ioann.
1696 3623 1841 3681 Bapt.
1860 3621 2135 3680 Hispanu8‚
2151 3621 2439 3669 Carmelita.

1378 3693 1545 3751 Magni
1560 3706 1674 3738 eum
1688 3692 1915 3738 fecerunt
1932 3691 2048 3737 Urb.
2062 3690 2376 3748 VIII,Innoc.
2388 3690 2455 3738 X:

1373 3765 1422 3807 et
1449 3763 1582 3807 Alex.
1610 3762 1716 3807 V11.
1743 3762 1800 3809 O.
1828 3763 1957 3809 1659.
2436 3792 2452 3797 α
