2548 4042
15 0 90 18 aar*

202 16 303 73 348
415 36 539 75 raas
574 34 727 75 rain
749 47 775 60 -
796 30 1164 76 raotscountu
1187 48 1215 61 -
1235 36 1408 78 macr.
1434 36 1499 78 vi.
1533 32 1599 80 ιε’
1615 0 1917 81 mma*
1933 0 2225 89 σέιὼυῖκ,
2240 32 2353 100 22„
2376 80 2381 90 ,
2424 79 2427 87 ,

884 245 1006 295 Art.
1038 240 1078 294 1.
1107 241 1187 294 De
1223 228 1748 298 excommunicatione

275 389 401 443 360.
441 388 980 443 Excommunicatio
1024 389 1252 443 definiri
1288 391 1502 459 potest:
1538 390 1774 445 Censura
1813 409 1915 461 qua
1954 395 2070 463 quis
2095 384 2440 464 separatura

198 482 551 532 communione
574 477 821 546 fidelium
864 476 956 549 (l).
988 479 1192 550 Itaque
1234 480 1757 536 excommunicatio
1798 486 2065 537 removet
2105 493 2439 539 excommu-

200 568 460 623 nicatum
503 568 627 636 (seu
670 568 990 631 vitandum,
1020 583 1124 624 seu
1168 569 1501 639 toleratum)
1527 584 1563 623 a
1603 571 2005 626 communione
2042 572 2298 627 fidelium
2329 567 2433 643 (2):

199 664 259 714 et
290 659 492 714 fideles
519 674 555 714 a
582 658 986 713 communione
1016 659 1525 723 excommunicati,
1548 660 1648 715 sed
1671 660 1851 715 solius
1879 661 2103 715 vitandi
2127 659 2184 730 (ἓ
2205 661 2332 723 331.
2352 657 2437 734 7),

197 755 476 807 removet.
501 752 547 803 A
577 748 1002 811 communione,
1036 749 1290 818 inquam,
1315 752 1439 803 tum
1464 749 1522 803 in
1545 749 1779 811 divinis,
1810 756 1934 804 tum
1965 751 2021 805 in
2054 749 2339 805 humanis,
2362 748 2438 806 Et

198 842 255 896 in
278 841 493 895 divinis
514 841 587 894 ab
606 838 779 900 omni,
798 838 948 892 idest
971 841 1094 892 tum
1115 843 1379 899 externa,
1399 842 1521 893 tum
1542 838 1773 894 interna
1789 838 1879 909 (V.
1894 840 1930 908 ἓ
1951 840 2091 908 108).
2111 840 2436 894 Exmmu:
2526 835 2531 837 ’

199 931 335 985 inde
389 929 927 985 excommunicatus
971 932 1210 981 arcetur
1252 929 1653 992 sacramentiS,
1698 934 1947 998 excepta
1992 928 2374 999 poenitentia,
2401 941 2439 986 a

198 1036 317 1091 qua
358 1035 466 1075 nec
508 1019 784 1072 vitandus
823 1021 1062 1072 arcetur
1091 1018 1194 1087 (3);
1227 1023 1288 1072 et
1314 1033 1350 1072 a
1378 1018 1595 1073 divinis
1635 1018 1841 1073 officiis
1873 1017 1966 1091 (4).
2007 1020 2078 1073 Et
2119 1033 2304 1088 grave
2343 1020 2439 1075 est

199 1110 254 1165 ei
279 1110 528 1179 (vitando)
559 1108 892 1163 ministrare
921 1112 1306 1169 sacramenta,
1330 1111 1578 1177 excepto
1607 1108 1823 1162 viatico
1853 1107 1909 1162 in
1939 1109 2191 1163 articulo
2219 1108 2440 1174 mortiS,

198 1215 354 1270 quae
387 1198 703 1268 probabilis
743 1198 1042 1252 sententia
1070 1200 1160 1251 est
1187 1197 1291 1267 (5);
1322 1212 1515 1251 coram
1558 1213 1626 1252 eo
1666 1213 1833 1252 sacra
1872 1213 2175 1268 peragere.
2205 1213 2338 1253 cum
2369 1210 2441 1252 eo

198 1289 493 1343 interesse
533 1288 750 1341 divinis
790 1287 999 1341 officiis
1039 1286 1139 1358 (6):
1183 1303 1253 1341 ac
1295 1287 1525 1342 demum
1569 1287 1694 1340 vita
1738 1287 1951 1351 functo,
1982 1288 2030 1342 si
2073 1286 2439 1343 inabsolutus

268 1513 283 1556 1
321 1511 376 1559 C.
406 1510 478 1559 59,
516 1513 564 1557 h.
601 1514 633 1554 t.
669 1511 763 1564 (De
801 1511 936 1555 Sem.
970 1510 1268 1563 Eoecomm.).

204 1580 439 1642 Engel.V,
451 1582 521 1633 39,
537 1581 605 1624 27.
623 1581 778 1636 Quae,
791 1593 905 1625 cum
919 1579 1078 1624 fertur
1092 1579 1271 1625 solem-

205 1653 338 1699 niter
362 1652 514 1705 (idest
546 1651 766 1711 pulsatis
799 1654 1074 1711 campanis,
1101 1664 1271 1697 accen-

209 1724 298 1773 sis,
321 1726 371 1768 et
393 1723 636 1768 extinctis
662 1721 903 1774 candelis,
922 1724 1050 1774 etc),
1072 1722 1271 1782 proprie

209 1795 398 1840 dicitur
425 1796 704 1839 anathema
729 1792 809 1847 (ab
833 1806 941 1838 ana
965 1817 985 1827 -
1012 1806 1217 1838 sursum
1245 1822 1264 1832 -

208 1870 258 1910 et
277 1867 436 1912 thesis
456 1890 475 1900 -
499 1865 684 1925 positio
701 1890 719 1899 ·
739 1880 751 1918 3
770 1878 897 1925 quae
918 1864 1063 1911 modo
1083 1863 1268 1910 donum

207 1934 312 1982 Deo
351 1949 659 1996 suspensum
701 1936 752 1980 in
791 1934 997 1994 templo,
1030 1940 1082 1980 et
1119 1948 1266 1994 sepa-

205 2011 374 2052 ratum
409 2021 437 2052 a
469 2007 723 2052 communi
751 2021 861 2060 usu,
886 2006 1065 2051 Judith
1095 2007 1162 2059 16,
1186 2008 1269 2059 243

203 2079 352 2123 modo
377 2077 567 2136 aliquid
589 2083 910 2130 execratum,
927 2078 1027 2123 Jos.
1048 2078 1092 2131 6,
1114 2079 1186 2129 173
1205 2079 1271 2122 si-

206 2149 448 2207 gnificati.
473 2148 570 2195 Sed
597 2153 647 2194 et
673 2150 1145 2200 excommunicatio,
1169 2162 1271 2209 qua

209 2220 630 2265 animadvertitur
664 2221 715 2265 in
752 2233 850 2265 non
894 2220 1156 2265 credentes
1195 2235 1268 2275 ea,

210 2303 338 2350 quae
373 2291 434 2337 ab
468 2291 693 2337 Ecclesia
726 2291 935 2336 definita
973 2295 1110 2345 sunt,
1143 2306 1265 2337 ana·

207 2362 381 2407 thema
408 2361 507 2407 dici
531 2363 674 2408 solet.
696 2363 1167 2408 Excommunicatio
1193 2377 1270 2408 ae-

208 2437 506 2492 quiparatur
538 2434 687 2478 morti
725 2434 794 2485 (C.
826 2435 887 2477 13.
919 2434 1016 2482 Cui
1035 2435 1140 2492 filii
1163 2437 1272 2479 sint

200 2505 386 2560 levita:
421 2508 469 2547 et
493 2504 603 2548 ideo
639 2508 717 2549 est
741 2506 966 2549 omnium
993 2518 1264 2564 poenarum

209 2574 562 2619 canonicarum
585 2577 807 2620 maxima
826 2575 892 2630 (S.
910 2579 1035 2634 Aug.
1056 2577 1105 2620 in
1126 2577 1177 2623 C.
1205 2577 1265 2621 17.

210 2645 333 2692 Cau.
367 2645 440 2699 24,
465 2644 525 2702 3),
550 2649 691 2690 ultra
725 2659 882 2703 quam
907 2647 1136 2692 Ecclesia
1165 2661 1267 2692 non

207 2717 359 2763 habet
388 2719 619 2773 amplius
651 2719 775 2773 quid
805 2716 983 2773 faciat
1003 2717 1073 2775 (C.
1106 2718 1170 2762 10.
1197 2719 1269 2763 De

204 2789 411 2842 Iudic.):
431 2794 579 2847 atque
601 2788 710 2832 ideo
729 2789 841 2847 ipsa
859 2789 1171 2847 depositione
1190 2794 1268 2834 est

198 2860 399 2917 gravior
418 2859 620 2915 (Bened.
639 2858 763 2904 xlv,
786 2859 859 2904 De
877 2858 1023 2912 Semo.
1046 2859 1129 2910 IX,
1145 2861 1186 2909 6,
1202 2860 1266 2917 ⁶2).

260 2930 288 2973 2
322 2930 377 2973 V.
404 2930 574 2988 Laym.
610 2930 730 2988 Cap.
764 2931 799 2983 l,
828 2931 870 2975 5.
906 2930 970 2974 Et
1003 2930 1047 2974 is
1081 2930 1267 2975 dicitur

205 3003 345 3046 tradi
379 3001 613 3046 Satanae
647 3000 680 3054 (Ι
714 3001 902 3048 Corint.
937 3002 980 3055 5,
1011 3001 1070 3056 5).

260 3071 286 3114 3
319 3071 373 3118 C.
406 3071 466 3115 59
501 3073 575 3118 De
616 3072 778 3117 Const.
815 3071 941 3117 Dist.
982 3073 1018 3116 l.
1051 3071 1206 3122 Idest‚
1239 3086 1267 3117 a

209 3140 366 3186 Missa
385 3147 432 3186 et
453 3157 480 3187 a
498 3142 715 3201 publicis
741 3143 993 3188 Ecclesiae
1018 3143 1265 3201 precibus.

205 3211 449 3268 Quocirca
507 3213 801 3271 prohibetur
858 3213 1120 3259 ecclesiam
1185 3216 1262 3259 in-

201 3286 349 3334 trare,
385 3283 504 3328 dum
539 3284 662 3329 haec
697 3284 1025 3336 celebrantur,
1067 3285 1147 3330 his
1183 3284 1267 3330 ad·

200 3353 404 3398 futurus
421 3354 654 3410 (Suar.X.
678 3357 713 3408 1,
736 3356 775 3407 1;
801 3354 906 3408 XII,
927 3357 1043 3413 22).
1062 3355 1266 3416 Nempe,

199 3426 243 3468 si
277 3426 327 3469 in
357 3423 494 3469 letali
520 3430 768 3479 versatur,
796 3430 844 3470 et
877 3427 921 3471 ei
956 3426 1045 3471 diu
1076 3428 1265 3472 confes·

207 3496 341 3540 sario
376 3496 646 3541 carendum
688 3496 825 3541 foret.
851 3498 1083 3545 Ceterum
1127 3511 1263 3543 asse-

206 3568 353 3619 renti,
377 3580 430 3611 se
454 3567 743 3613 absolutum
768 3568 940 3621 fuisse,
969 3569 1266 3628 regulariter

203 3636 508 3682 credendum
553 3643 652 3684 est:
700 3639 869 3693 immo,
922 3642 1015 3685 etsi
1061 3643 1262 3685 tantum

204 3711 357 3765 petat,
377 3707 652 3754 tenendum
672 3712 749 3753 est
767 3709 924 3754 fuisse
945 3709 1260 3765 absolutum;

1373 1509 1495 1568 quia
1527 1523 1673 1555 nemo
1707 1511 2049 1569 praesumitur
2078 1510 2205 1557 velle
2233 1524 2440 1572 peccare

1374 1579 1588 1633 (Navar.‚
1643 1580 1798 1629 Salm.
1858 1583 1927 1636 10,
1977 1583 2017 1637 3,
2069 1583 2139 1628 49.
2188 1581 2239 1631 S.
2288 1583 2437 1646 Alpb.

1374 1651 1480 1707 VII,
1522 1651 1634 1707 160).

1431 1725 1459 1767 4
1493 1721 1701 1770 Salmat.
1731 1725 1795 1779 10,
1821 1723 1861 1777 3,
1891 1724 1961 1770 45.

1434 1796 1462 1839 5
1495 1794 1638 1841 Suar.
1674 1795 1752 1848 XI,
1796 1797 1829 1848 1,
1869 1797 1934 1840 17.
1975 1795 2023 1842 S.
2059 1795 2205 1855 Alph.
2239 1795 2321 1851 vl,
2355 1797 2439 1851 883

1373 1865 1480 1918 VII,
1523 1867 1622 1912 170.
1671 1868 1992 1919 Probabilis,·
2040 1871 2090 1912 et
2133 1865 2436 1927 benignitati

1374 1937 1421 1983 S.
1447 1939 1626 1983 matris
1647 1937 1903 1983 Ecclesiae
1921 1938 2309 1984 convenientior.
2328 1937 2437 1986 Non

1373 2009 1491 2054 item
1510 2009 1735 2055 Extrem.
1750 2007 2062 2056 Unctionem.
2083 2008 2183 2055 nisi
2202 2010 2440 2070 nequive-

1373 2080 1439 2124 rit
1458 2079 1595 2125 aliud
1622 2084 1995 2126 sacramentum
2022 2081 2239 2140 recipere
2261 2079 2437 2138 (Salm.

1379 2150 1443 2202 10,
1463 2150 1506 2204 6,
1528 2151 1618 2203 45).
1640 2149 1998 2200 Nihilominus.
2020 2152 2140 2210 quia
2158 2150 2327 2210 legum
2347 2150 2439 2197 hu·

1373 2234 1639 2267 manarum
1674 2221 1817 2267 nulla
1849 2227 1928 2266 est
1950 2221 2192 2281 obligatio
2224 2235 2340 2269 cum
2363 2222 2436 2269 in·

1371 2292 1634 2338 commodo
1667 2293 1827 2352 gravi,
1861 2306 1958 2338 non
1985 2293 2276 2352 prohibetur
2299 2292 2439 2347 (tolo-

1372 2365 1535 2415 ratus)
1590 2366 1677 2422 qui
1732 2367 2115 2421 impedimento,
2170 2363 2247 2410 vel
2297 2366 2439 2412 brevi

1371 2439 1420 2489 (ἓ
1453 2435 1556 2490 348,
1591 2435 1684 2489 37),
1718 2434 1924 2485 laborat,
1950 2435 2000 2479 in
2035 2435 2177 2493 gravi
2210 2434 2436 2482 necessi·

1370 2510 1475 2551 tate
1525 2506 1743 2564 recipere
1794 2510 2114 2551 sacramenta
2151 2505 2319 2559 (Salm.
2369 2505 2435 2562 10,

1370 2578 1411 2629 3,
1452 2578 1554 2635 43);
1603 2580 1728 2636 puta
1773 2576 2135 2622 eucharistiam
2183 2575 2346 2635 (Suar.
2388 2581 2439 2625 et

1369 2648 1547 2694 Conin.
1573 2647 1708 2707 apud
1727 2647 1853 2706 Lug.
1881 2648 1955 2695 De
1978 2649 2197 2693 Euchar.
2229 2650 2293 2700 14,
2323 2648 2436 2707 100).

1370 2719 1733 2778 poenitentiam
1767 2719 1933 2778 (Lugo
1968 2732 2015 2765 n.
2045 2718 2171 2772 132„
2199 2732 2239 2764 v.
2264 2731 2322 2773 c.‚
2348 2733 2438 2778 ur·
2463 2760 2474 2774 .

1364 2795 1515 2846 yente
1558 2792 1822 2843 scandalo,
1871 2792 1950 2837 vel
1997 2795 2121 2834 nota
2173 2784 2438 2848 infamiae

1371 2862 1432 2915 (S.
1460 2860 1607 2919 Alph.
1635 2860 1715 2914 vl,
1741 2860 1848 2913 265,
1866 2874 1910 2920 q.
1938 2861 1987 2910 2;
2010 2861 2140 2914 5855
2175 2860 2253 2906 vel
2277 2861 2323 2906 si
2354 2874 2438 2907 su-

1371 2932 1535 2990 perior
1555 2931 1756 2990 longius
1774 2931 1907 2976 absit
1925 2931 2123 2990 (Laym.
2147 2934 2219 2979 De
2241 2933 2434 2979 Poenit.
2525 2978 2529 2979 ⁷

1371 3001 1465 3046 XII
1520 3002 1571 3045 10
1596 3035 1606 3046 .

1428 3007 1590 3120 6ὈΟ.)
1626 3073 1690 3126 18,
1723 3074 1797 3124 29,
1829 3076 1874 3119 h.
1906 3080 1935 3119 t.
1957 3073 2213 3129 Quocirca,
2243 3075 2286 3120 si
2312 3074 2434 3121 dum

1370 3142 1493 3189 haec
1528 3142 1845 3189 celebrantur
1878 3144 2159 3203 (vitandus)
2190 3158 2433 3204 superve-

1370 3215 1501 3260 nerit
1533 3214 1614 3261 his
1649 3214 1938 3267 adfuturus,
1971 3219 2061 3260 aut
2104 3214 2435 3274 expellendus

1369 3291 1462 3339 est,
1487 3291 1576 3330 aut
1609 3285 1912 3331 cessandum
1950 3286 2019 3340 (C.
2049 3287 2113 3340 16,
2140 3290 2190 3331 et
2210 3285 2367 3334 Clem.
2388 3284 2432 3342 2,
2525 3337 2546 3343 Δ,

1367 3361 1411 3401 h.
1451 3359 1520 3415 ι).
1554 3355 1897 3412 Nihilominus
1931 3358 1973 3402 si
2010 3357 2167 3403 Missa
2210 3355 2430 3403 celebra-

1370 3432 1468 3483 tur,
1500 3432 1549 3472 et
1593 3427 1827 3473 sacerdos
1870 3440 2111 3472 canonem
2154 3426 2307 3473 fuerit
2351 3426 2431 3473 in-

1367 3511 1592 3557 gressus,
1635 3498 1869 3558 persequi
1899 3497 2116 3543 -debebit
2159 3509 2320 3557 usque
2370 3494 2434 3543 ad

1368 3570 1876 3622 consummationem3
1898 3567 2093 3628 reliqua
2113 3568 2165 3613 in
2184 3567 2434 3622 sacristia,

1368 3639 1445 3683 vel
1479 3652 1579 3699 quo
1614 3639 1712 3684 alio
1736 3638 1843 3684 loco
1867 3637 2080 3691 decenti,
2104 3638 2431 3684 absoluturus

1365 3710 1528 3766 (Suar.
1568 3709 1633 3762 12,
1663 3710 1701 3762 l,
1735 3710 1828 3767 16):
1866 3708 2192 3754 adstantibus
2225 3707 2430 3753 interim
