2554 4004
176 3 246 62 26
581 23 705 63 mus
740 22 897 63 ram
919 35 947 47 -
977 22 1347 63 pantaenum
1369 34 1394 48 -
1422 0 1654 64 mem.-
1677 0 1743 63 ne
1776 17 2016 64 ransom
2104 0 2111 4 ’
2139 0 2160 67 f
2194 62 2198 65 ⁴
2226 0 2254 20 ”“
2403 64 2428 71 ,.

251 107 339 162 24.
367 108 519 170 Iura,
542 106 806 176 adeoque
834 110 896 161 et
923 105 1319 176 obligationes
1342 102 1502 177 (nam
1529 108 1918 161 contrariorum
1944 108 2120 163 eadem
2146 116 2222 165 ost
2244 78 2442 184 miiojs
2463 76 2494 158 “f
2518 125 2529 180 ⁸.
2544 155 2554 179 ἲ

177 211 329 267 quae
372 210 652 266 personae
693 195 1032 259 cohaerent,
1059 210 1190 250 cum
1233 209 1483 266 persona
1521 194 1821 265 expirant;
1865 198 1933 251 ut
1973 200 2119 267 puta
2160 197 2418 254 ususfru-
2466 243 2554 270 ..

177 287 323 347 otiis,
367 287 587 338 votum:
633 283 815 338 realia
854 286 1167 339 transeunt
1206 285 1280 339 ad
1320 298 1712 348 successores
1744 299 1851 339 seu
1893 283 2279 355 universales,
2309 301 2417 344 seu

177 373 509 442 singulares
553 372 648 444 (8).
690 370 770 426 At
810 387 950 427 vero
1004 372 1136 428 iura
1174 373 1249 427 ad
1291 388 1430 437 rem,
1472 387 1624 443 quae
1665 388 1739 428 ex
1783 373 1920 441 lege
1964 389 2070 429 seu
2113 374 2416 440 canonica,

176 477 282 517 seu
322 462 482 515 civili
537 463 759 515 statum
816 462 1073 530 capiunt,
1116 461 1162 515 si
1206 461 1291 516 eis
1334 462 1755 531 prosequendis
1810 465 2040 532 tempus
2078 462 2315 535 aliquod
2334 456 2415 520 'in

181 553 311 621 lege
370 552 494 620 ipsa
548 553 834 605 statutum
890 551 985 615 sit,
1027 566 1096 605 eo
1138 554 1398 621 tempore
1455 552 1652 619 elapso
1693 550 2006 615 inutiliter,
2053 555 2418 609 evanescunt

177 641 352 696 etiam
397 641 452 693 in
497 640 615 694 foro
655 640 1068 702 conscientiae,
1115 643 1178 694 ut
1222 645 1362 709 puta
1404 639 1811 694 restitutiones
1867 641 1923 694 in
1968 641 2267 709 integrum
2308 640 2413 712 (9);
2472 640 2475 642 ’

174 733 232 785 et
274 729 569 783 contraria
613 728 746 797 lege
786 729 1141 783 amittuntur
1169 730 1304 799 (10):
1335 729 1437 782 sed
1481 729 1552 782 de
1597 728 1686 782 his
1725 729 1864 782 alibi
1895 731 2192 799 agendum
2235 730 2365 785 erit.

247 816 337 872 25.
367 818 534 873 Nunc
562 819 865 873 videamus
895 818 1033 887 quid
1063 819 1139 872 sit
1170 820 1353 872 forum
1383 817 1508 887 (seu
1541 818 1735 886 forus),
1765 818 1822 872 in
1853 834 1967 888 quo
1995 820 2209 889 cuique
2243 820 2418 875 datur

175 908 305 963 iura
337 923 444 963 sua
486 908 773 978 prosequi.
804 908 1007 977 Itaque
1038 907 1222 961 forum
1254 907 1311 979 (a
1350 908 1604 978 ferendo)
1632 912 1743 962 est:
1774 910 2207 962 Exeo-conclarum
2240 910 2416 964 litium

176 997 304 1070 (seu
347 999 539 1068 potius
599 998 991 1069 negociorum,
1035 1012 1187 1066 quae
1248 997 1600 1051 auctoritate
1645 996 1856 1051 iudicis
1915 997 2012 1051 vel
2074 996 2412 1068 superioris,

174 1087 480 1159 finiuntur)
537 1090 679 1140 locus
731 1086 867 1159 (ll).
924 1089 1027 1142 Est
1081 1084 1176 1142 vel
1231 1086 1425 1149 civile,
1481 1086 1578 1141 vel
1638 1086 2126 1141 ecclesiasticum.
2181 1087 2300 1142 Hoc
2355 1085 2415 1142 in

171 1186 445 1232 externum
474 1182 535 1232 et
560 1181 827 1230 internum
868 1176 1189 1231 diducitur:
1220 1179 1534 1231 externum
1575 1175 1633 1230 in
1664 1191 1778 1246 quo
1817 1176 1962 1238 iura,
1994 1177 2260 1248 negocia,
2289 1174 2415 1232 sive

175 1267 533 1336 temporalia,
562 1266 687 1320 sive
729 1266 1082 1335 spiritualia;
1126 1281 1232 1319 seu
1275 1266 1419 1334 reip.
1453 1264 1845 1329 Christianae,
1876 1281 1981 1320 seu
2022 1266 2412 1335 singulorum,

174 1359 545 1419 exercentur,
592 1357 911 1423 geruntur:
970 1355 1269 1409 internum
1323 1354 1381 1408 in
1438 1368 1553 1423 quo
1610 1355 1872 1422 negocia,
1906 1355 2047 1424 jura
2101 1357 2416 1410 versantur

173 1460 324 1516 quae
356 1444 751 1499 consolentiae
794 1444 1162 1513 singulorum
1194 1444 1503 1498 intersunt.
1533 1444 1837 1498 Internum
1870 1444 2083 1499 iterum
2114 1445 2206 1500 vel
2237 1461 2416 1500 sacra-

170 1537 408 1598 mentale,
431 1536 523 1589 vel
545 1536 881 1588 consciente-‘ae
896 1532 1025 1604 (12).
1046 1534 1134 1587 Ad
1159 1532 1343 1587 forum
1365 1534 1794 1588 sacramentale
1818 1534 2122 1602 pertinent
2144 1535 2412 1603 peccata;

171 1626 246 1679 ad
299 1625 486 1678 forum
540 1623 937 1678 conscientiae
990 1625 1190 1677 cetera
1245 1621 1456 1685 omnia,
1500 1636 1652 1691 quae
1704 1622 1779 1676 ad
1822 1622 2074 1677 salutem
2120 1623 2415 1693 ‘cuiusque

172 1714 539 1784 spiritualem
580 1712 880 1783 pertinent
920 1709 1054 1783 (13).
1098 1712 1199 1766 Est
1239 1714 1301 1766 et
1342 1711 1528 1765 forum
1560 1714 1922 1781 poenitenciae:
1968 1712 2076 1767 hoc
2117 1712 2416 1768 nonnullis

173 1807 263 1861 est
303 1805 490 1858 sorum
532 1802 962 1857 sacramentale
990 1799 1128 1872 (14),
1160 1800 1294 1855 aliis
1335 1799 1735 1854 conscientiae
1777 1801 1988 1863 forum;
2032 1801 2182 1871 quod
2223 1800 2417 1872 magis

172 1982 305 2035 lerit‚
326 1980 566 2039 obligatio
601 1982 651 2025 in
675 1979 778 2025 foro
811 1991 1015 2038 quoque
1047 1978 1244 2023 interno

172 2052 453 2102 evanescit3
503 2064 546 2095 v.
583 2064 636 2103 c.,
685 2054 891 2108 pactum
941 2047 1243 2094 restituendi

170 2122 389 2168 creditos
433 2133 668 2165 nummos
713 2133 907 2171 aureos,
941 2119 1019 2164 vel
1059 2132 1239 2176 argen-

168 2198 291 2245 teos,
325 2195 477 2251 prout
508 2191 688 2236 crediti
721 2190 923 2235 fuerant
954 2191 1021 2249 (S.
1053 2190 1243 2237 Poenit.

119 2285 126 2291 -
170 2265 220 2308 21
252 2262 354 2308 Ian.
385 2263 530 2317 1873).

229 2335 258 2377 8
301 2334 628 2379 Successores
678 2335 1003 2379 universales
1045 2333 1234 2391 accipi·

168 2417 283 2449 mus
307 2418 407 2455 eos,
429 2404 518 2461 qui
540 2403 824 2449 succedunt
844 2405 900 2450 in
928 2406 1238 2450 universum

169 2477 254 2521 ius
285 2474 539 2531 defuncti,
565 2474 641 2518 vel
676 2475 725 2519 in
748 2477 957 2533 quotam
984 2473 1236 2519 heredita-

168 2549 235 2592 tis
255 2551 463 2605 partem,
477 2559 521 2591 v.
535 2559 593 2596 c..
611 2547 857 2599 trientem,
878 2545 1234 2605 quadranteim

169 2619 220 2662 et
241 2618 439 2676 proprio
464 2617 664 2661 nomine
690 2619 933 2661 vocantur
965 2616 1232 2662 haeredes:

167 2689 479 2743 domzelar-ee,
507 2687 567 2731 ad
594 2700 720 2746 quos
745 2691 938 2732 certum
974 2701 1031 2732 ac
1066 2686 1230 2732 deter-

171 2759 417 2803 minatum
442 2756 634 2816 aliquid
659 2757 719 2802 ab
744 2758 841 2803 alio
862 2758 1117 2817 pervenit3
1146 2770 1236 2802 ceu

168 2829 415 2888 legatarii,
449 2828 714 2881 donatarii,
749 2834 1017 2887 emptores,
1054 2831 1146 2874 etc.
1171 2827 1235 2871 Hi

168 2912 388 2944 causam
408 2901 652 2946 habentes
682 2901 866 2955 (aventi
884 2907 1058 2947 causa)
1086 2898 1232 2943 hodie

170 2969 269 3014 diei
304 2970 480 3014 solent.
503 2968 582 3014 Illi
618 2974 788 3014 autem
815 2983 843 3014 a
865 2969 1049 3029 quibus
1075 2971 1155 3014 ius
1186 2970 1235 3013 in

168 3052 261 3084 nos
297 3039 495 3091 transit,
538 3043 588 3084 et
620 3053 648 3084 a
682 3040 869 3099 quibus
903 3051 1112 3085 causam
1147 3040 1238 3085 ha·

173 3109 364 3161 bemus,
406 3114 643 3156 auctores
689 3110 928 3155 dicuntur
962 3109 1141 3159 (Vicat.
1176 3108 1235 3156 V.

87 3207 92 3210 -
168 3182 396 3236 Auctor).
421 3179 574 3223 Heres
598 3180 824 3224 succedit
857 3180 908 3225 in
931 3182 1102 3226 omnia
1125 3181 1237 3226 iura

169 3253 220 3295 et
259 3248 591 3306 obligationes
625 3249 847 3294 defuncti
886 3264 970 3310 pro
1002 3251 1232 3309 portione

169 3319 499 3371 hereditaria;
520 3323 582 3370 et,
609 3319 702 3365 hoc
728 3321 941 3375 nomine,
965 3335 1065 3366 una
1083 3326 1234 3381 atque

170 3389 346 3435 eadem
372 3393 449 3434 est
483 3402 696 3447 persona
717 3389 943 3435 defuncti
969 3395 1016 3435 et
1041 3392 1235 3437 heredis

172 3461 267 3516 (Ex
303 3460 356 3504 L.
380 3461 421 3503 9.
456 3464 484 3512 S
522 3461 558 3505 l.
589 3463 657 3505 De
689 3461 938 3509 Etleuam:
974 3474 1235 3507 successor

170 3530 447 3589 singularis
470 3531 521 3574 in
545 3543 602 3574 ea
623 3535 819 3574 tantum
847 3532 956 3576 iura
976 3538 1024 3575 et
1048 3532 1236 3591 obliga·

168 3601 331 3645 tiones
355 3599 596 3654 succedit,
614 3613 741 3659 quae
760 3602 963 3658 praedio
983 3602 1232 3659 coherent,

169 3669 303 3727 quod
337 3669 397 3714 ab
422 3672 623 3715 auctore
646 3683 738 3715 suo
771 3670 823 3714 in
856 3684 909 3715 se
943 3672 1158 3717 transiit.

1405 1980 1434 2022 9
1467 1978 1638 2036 Laym.
1666 1979 1739 2024 De
1773 1982 1915 2025 Pact.
1941 1978 2095 2036 XVII,
2120 1978 2193 2027 29.

1410 2049 1462 2092 10
1495 2048 1551 2096 L.
1579 2050 1658 2094 101
1690 2050 1765 2096 De
1788 2051 1840 2095 R.
1869 2051 1909 2095 I.
1935 2049 2022 2095 Ibi.
2060 2051 2244 2096 Omnia
2275 2061 2412 2108 quae

1344 2122 1459 2165 iure
1475 2123 1882 2174 contrahuntur,
1903 2123 2170 2166 contrario
2188 2123 2306 2168 iure
2323 2133 2413 2178 pe-

1344 2195 1510 2236 reunt.
1533 2190 1599 2236 Ut
1630 2196 1756 2250 puta
1791 2191 2116 2238 ususfructus
2162 2190 2414 2251 patrifam-

1342 2274 1497 2320 super
1529 2262 1674 2308 bonis
1708 2262 1963 2308 filiorumf.
1998 2263 2332 2310 constitutus.

1409 2334 1454 2377 ll
1485 2334 1538 2382 C.
1569 2335 1621 2378 lO
1648 2338 1717 2382 De
1753 2336 1801 2378 V.
1833 2334 1878 2379 S.
1907 2334 2004 2380 Sed
2032 2338 2081 2380 et
2109 2333 2408 2395 negotiatio-

1343 2416 1466 2448 num
1499 2403 1642 2450 locus
1676 2403 1865 2450 dicitur
1897 2404 2051 2451 forus.

1408 2476 1461 2518 12
1485 2474 1556 2522 cf.
1581 2474 1776 2520 Vincet.
1804 2475 1876 2519 De
1900 2475 2057 2521 Iustis
2092 2477 2164 2522 De
2195 2475 2409 2532 Dispen-

1344 2550 1431 2589 sat
1453 2550 1606 2591 matr.
1632 2545 1737 2590 Lib.
1754 2545 1791 2599 l,
1814 2546 1936 2603 Cap.
1965 2545 2070 2598 VII,
2099 2559 2148 2591 n.
2169 2545 2276 2591 213.

1408 2616 1459 2658 13
1477 2614 1535 2662 V.
1559 2615 1739 2661 Sanch.
1761 2616 1805 2660 M
1848 2615 1909 2671 11,
1931 2616 2006 2670 45,
2027 2615 2069 2660 2.
2104 2614 2162 2661 In
2195 2615 2299 2662 foro
2331 2628 2411 2662 sa-

1340 2687 1636 2731 cramentali
1659 2699 1738 2732 res
1763 2687 1932 2745 agitur
1950 2687 2080 2731 inter
2096 2687 2412 2745 praesentes,

1339 2755 1429 2801 sed
1462 2770 1562 2801 non
1595 2759 1674 2801 est
1706 2769 1835 2816 opus
1880 2755 2196 2802 absolutione
2233 2768 2404 2803 sacra·

1341 2826 1571 2871 mentali:
1596 2827 1707 2871 ideo
1734 2827 1866 2872 valet
1889 2826 2023 2886 quod
2046 2827 2097 2871 in
2125 2840 2182 2872 eo
2204 2829 2407 2886 gestum

1338 2899 1430 2948 est,
1446 2897 1565 2942 licet
1583 2898 1844 2956 poenitens
1874 2897 2193 2944 inabsolutus
2217 2898 2408 2944 disces-

1338 2969 1461 3014 serit
1489 2969 1587 3026 (Ex
1612 2968 1818 3014 Salmat.
1851 2969 1916 3022 18,
1942 2970 1976 3020 1,
2003 2969 2087 3021 33;
2116 2968 2323 3015 Filiuco.
2346 2967 2410 3024 X,

1338 3040 1440 3091 3553
1457 3039 1522 3084 De
1537 3038 1953 3093 Iust.2‚V11,207;
1972 3038 2101 3091 V111,
2123 3038 2406 3098 ll2;ibique

1339 3110 1400 3154 M.
1424 3110 1472 3155 P.
1492 3109 1590 3155 Leo
1614 3112 1663 3155 in
1695 3111 1816 3155 Pra.
1842 3110 2173 3167 Sacrament)
2193 3109 2271 3155 vel
2290 3123 2407 3157 con-

1336 3180 1549 3226 fe-sione
1582 3180 1828 3238 sacrilega
1859 3179 2067 3225 functus
2100 3181 2169 3226 sit
2198 3179 2291 3235 (De
2314 3178 2404 3226 Iu-

1337 3252 1434 3297 stis
1457 3252 1493 3306 1,
1517 3252 1561 3306 8,
1591 3253 1703 3307 lll).
1730 3251 1786 3296 In
1823 3251 1924 3298 foro
1953 3252 2291 3297 conscientiae
2325 3263 2406 3299 res

1328 3324 1505 3380 agitur
1525 3324 1677 3368 etiam
1700 3323 1832 3367 inter
1852 3322 2102 3369 absentes.
2119 3323 2267 3368 Porro
2283 3334 2407 3382 quo-

1338 3394 1436 3438 ties
1470 3393 1708 3452 deinceps
1743 3392 1876 3439 dico:
1908 3398 2186 3451 utrumque
2205 3393 2405 3450 forum,

1341 3468 1396 3509 in
1419 3468 1639 3520 utroque
1654 3463 1772 3518 foro
1782 3477 1803 3515 ‚·
1828 3462 2126 3521 regulariter
2146 3463 2402 3509 internum

1339 3538 1389 3579 et
1422 3538 1688 3579 externum
1723 3533 1968 3592 intelligo.

1404 3607 1455 3651 14
1489 3603 1671 3651 Sanch.
1696 3604 1759 3649 M.
1785 3603 1915 3659 Vm,
1941 3605 2013 3658 34,
2036 3603 2109 3650 29.
