2548 4042
980 31 1035 91 u‘.
1069 48 1137 97 ea
1167 0 1397 91 mium
1426 0 1977 90 amoinus
2205 3 2226 45 Ψ
2386 27 2483 87 ⁴3¹

126 172 152 197 '.*
188 195 190 197 ,
253 100 324 211 7„
362 0 743 212 'Min
704 133 998 198 hut-esim
1030 131 1167 210 (18).
1194 132 1417 193 Verum
1445 133 1592 191 baec
1618 131 2035 205 irregularitas
2061 131 2270 191 nullo·
2252 147 2315 190 in
2345 132 2487 206 jure

126 238 164 246 ’·
231 227 242 236 ’
331 230 469 287 =«·ta
499 228 611 294 eat.
638 226 764 286 sed
778 225 1015 284 detorta
1051 240 1129 284 ex
1158 226 1320 298 jure,
1343 239 1461 299 quo
1501 222 1848 297 prohibetur
1887 223 1976 282 eis
2014 222 2269 281 conferri
2311 223 2491 280 bene·

68 293 163 350 .·-‘-1
235 319 380 380 ω
417 322 480 378 οι
505 318 701 377 officia
738 316 1144 376 ecclesiastica
1172 316 1311 389 (19):
1340 330 1459 387 qua
1492 314 1564 371 de
1605 330 1672 372 re
1713 330 1845 372 eam
1886 314 2150 389 explodit
2179 309 2488 388 V5V&(20)·

238 406 589 480 Utcumque.
616 405 829 463 saltem
856 404 1188 462 coercenda
1227 403 1343 460 erit
1380 403 1456 459 ad
1499 402 1648 459 filios
1692 402 2122 460 haereticorum
2165 402 2266 475 qui
2305 398 2490 462 alicui

238 500 443 558 aeetae
472 511 686 554 nomen
708 496 1022 561 dederuut,
1043 513 1107 551 ae
1131 496 1314 549 melior
1337 495 1409 548 rie
1431 494 1650 549 conditio
1674 509 1853 548 eorum
1880 495 1975 564 qun·
1997 494 2333 565 deliquerunt
2347 483 2488 566 (21).'

239 585 510 662 Cumque
552 602 666 643 nou
694 586 774 643 sit
801 602 874 643 ex
902 585 1138 650 delicto,
1167 598 1245 640 ex
1273 583 1528 656 quadam
1557 583 1725 655 quasi
1768 583 2012 654 generis
2041 583 2281 640 inlamia
2321 597 2492 656 repe·

238 677 427 738 tenda
459 681 576 734 est:
604 682 787 749 atque
829 675 961 732 ideo
988 679 1182 730 cessat
1222 674 1410 746 quoad
1442 678 1719 745 probatum
1762 673 1942 730 merit
1970 676 2245 746 parentes
2285 689 2507 732 eorum·

240 766 579 827 haereticos
617 782 781 831 esse;
821 766 916 822 vel
956 766 1025 835 (si
1070 763 1284 820 mortui
1324 765 1467 836 sint)
1507 764 1563 820 in
1610 765 1839 822 haeresi
1883 764 2211 821 decessisse
2237 762 2377 839 (22).

315 858 446 916 433.
474 857 562 913 Ad
605 863 935 914 extremum
974 858 1068 927 qut·
1099 857 1155 909 ia
1194 857 1417 926 qualivet
1452 863 1618 910 aetate
1655 858 1787 909 aliha·
1820 873 1976 925 quam
2015 859 2075 910 ia
2115 856 2354 912 Ecolon'a
2390 872 2495 913 οι-

241 948 430 1006 aab·
477 950 727 1019 upana·
766 954 910 1011 suae,
953 946 1316 1014 irregulares
1364 947 1659 1003 habentur
1697 947 1845 1017 (23);
1886 951 2084 1004 aetate
2126 947 2350 1013 adulta,
2392 947 2495 1004 in·-
2530 1011 2534 1018 ,

240 1054 419 1115 quam
437 1038 584 1113 (24);
615 1040 862 1111 ideoque
894 1039 1304 1109 irregularitas
1333 1055 1407 1096 ex
1434 1039 1657 1095 delicto
1685 1043 1777 1096 est
1803 1038 1934 1112 (25).
1966 1037 2172 1096 Cessat
2202 1040 2391 1111 igitur
2428 1038 2492 1098 iu

242 1130 368 1189 foro
399 1134 666 1194 externo.
687 1130 735 1186 si
764 1131 899 1200 quis
928 1129 1257 1200 baptizatus
1287 1130 1482 1194 suerit,
1515 1134 1767 1199 urgente
1798 1130 2172 1194 necessitate,
2198 1130 2255 1185 in
2288 1129 2494 1187 mortis

242 1220 526 1279 articulo:
571 1221 630 1277 in
674 1220 924 1282 interno,
953 1220 1000 1274 si
1045 1220 1399 1291 baptismum
1440 1221 1739 1291 receperit
1779 1222 1930 1276 bona
1970 1221 2108 1277 fide:
2139 1223 2217 1284 et,
2258 1220 2307 1278 si
2348 1220 2491 1293 quid

242 1311 471 1385 opinor.
498 1310 776 1383 quamdiu
807 1310 954 1366 latet
980 1311 1056 1365 ab
1098 1311 1399 1367 haeretico
1441 1311 1798 1383 baptizatum
1829 1312 2035 1375 luiss03
2066 1327 2140 1369 ne
2178 1310 2387 1368 melior
2412 1310 2497 1368 sit

241 1401 504 1460 conditio
546 1401 900 1472 baptizantis
928 1401 1463 1474 (haeretici)quan1
1493 1402 1906 1474 baptizati,qui
1937 1402 2287 1459 catholicam
2318 1401 2493 1460 fldem

247 1492 580 1566 profitetur.

321 1583 394 1640 Et
432 1584 579 1640 haec
619 1584 694 1639 de
737 1584 1168 1655 prolegomenis
1209 1584 1353 1640 satis
1394 1584 1596 1648 multa,
1639 1587 1812 1641 extra
1853 1598 1926 1640 ea
1966 1597 2198 1655 quoque
2240 1582 2492 1640 sortasse
2542 1579 2548 1584 ’

243 1674 852 1739 multa..transeamus
888 1674 963 1730 ad
1004 1675 1139 1731 alia.

313 1852 371 1900 18
401 1851 614 1901 Salmat.
653 1853 721 1901 10.
752 1853 795 1904 8.
827 1851 910 1901 832
948 1850 997 1899 8.
1032 1851 1185 1914 Alph.
1211 1851 1319 1903 Vll,

250 1923 356 1972 33.
391 1923 530 1972 Haeo
560 1925 832 1977 sententia,
872 1922 992 1970 licet
1032 1922 1199 1969 verbis
1233 1924 1321 1971 SS.

247 1996 509 2044 canonum
527 2007 627 2042 non
647 1994 771 2042 bene
794 1994 1062 2042 cohaereat
1078 1994 1155 2051 (V.
1175 1996 1320 2043 Suar.

248 2065 388 2123 aas,
408 2065 475 2121 2),
496 2065 832 2113 nihilominus
857 2070 971 2112 tuta
995 2071 1091 2121 est,
1117 2072 1323 2128 propter

246 2137 604 2187 anctoritatem
640 2137 689 2184 S.
724 2137 970 2184 Doctoris.
1425 2139 1800 2199 significatione
1835 2138 2098 2187 verborum
2122 2137 2198 2197 (V.
2221 2143 2250 2195 9
2275 2139 2377 2194 184,
2403 2139 2493 2197 15).

319 2210 374 2256 19
403 2210 501 2259 cit.
535 2209 632 2259 CC.
667 2210 709 2257 2.
751 2210 815 2254 15.
1426 2210 1677 2266 Ceterum,
1716 2223 1779 2256 ex
1834 2211 2050 2271 receptis
2098 2209 2339 2266 moribus,
2392 2222 2495 2259 non

311 2281 374 2327 20
403 2279 536 2327 Viva
571 2294 650 2341 ap.
682 2281 731 2326 S.
770 2280 919 2341 Alph.
965 2279 1073 2335 vu,
1118 2281 1232 2339 3633
1273 2287 1322 2327 et
1426 2282 1546 2329 licet
1567 2295 1652 2329 eos
1685 2282 1749 2328 ad
1782 2282 1985 2328 ordines
2008 2294 2300 2342 promovere
2325 2282 2496 2330 incon-

253 2355 397 2414 δίῃ.
418 2350 504 2407 Vl,
532 2351 600 2405 10,
624 2351 697 2404 40,
720 2350 927 2397 dubiam
952 2355 1123 2412 putat:
1151 2356 1202 2397 et
1228 2354 1323 2399 hoc
1427 2353 1566 2400 suita
1598 2352 1726 2400 Sede
1751 2353 2066 2414 Apostolica:
2101 2356 2152 2399 et
2183 2354 2256 2400 ita
2287 2352 2498 2402 omnino

251 2424 387 2473 antia
407 2426 548 2471 esset
569 2422 633 2469 ad
659 2437 768 2470 eam
796 2422 1165 2471 removendam.
1190 2423 1323 2471 Sane
1428 2424 1703 2472 tenendum
1739 2429 1833 2471 est.

1425 1866 1522 1913 que
1543 1851 1851 1914 eodem,quo
1870 1851 2129 1908 haeretici,
2138 1854 2254 1914 jure
2269 1865 2495 1902 censere.
2540 1850 2548 1856 ’

1427 1926 1599 1985 Ajunt,
1621 1923 1824 1971 ordines
1855 1937 1967 1971 esse
2001 1923 2221 1971 officium
2245 1922 2492 1972 ecclesia-

1426 1997 1635 2043 sticum:
1672 1997 1744 2043 ita
1775 2009 1915 2052 saue,
1946 1996 2128 2043 stricta
2158 1999 2208 2043 et
2247 1997 2496 2057 rigorose,

1426 2073 1478 2114 at
1509 2081 1609 2114 non
1639 2068 1835 2127 vulgari
1859 2071 1910 2114 et
1930 2068 2268 2115 communiter
2289 2072 2494 2130 recepta

248 2508 369 2545 eum
402 2493 487 2542 lex
521 2493 685 2542 voluit
706 2493 971 2545 ordinibus
1003 2507 1204 2556 quoque
1238 2510 1324 2542 su·
1487 2497 1540 2541 21
1579 2495 1656 2542 Ex
1693 2495 1742 2542 L.
1777 2497 1823 2551 3,
1846 2497 1874 2555 g
1908 2497 1942 2541 1.
1970 2496 2043 2544 De
2066 2497 2253 2543 Donat.
2281 2497 2499 2545 inavit.

200 2608 202 2611 ,
248 2566 535 2629 adpiendis
592 2571 643 2613 et
702 2567 998 2613 exercendis
1059 2566 1324 2628 prohibere
1428 2567 1567 2615 idest
1599 2572 1886 2628 parentum.

250 2637 389 2688 alio-
421 2643 474 2686 et
505 2641 716 2699 nepotes
751 2637 1083 2686 patronorum
1123 2639 1322 2686 interfi-
1486 2639 1547 2684 22
1579 2638 1656 2686 Ex
1690 2640 1774 2687 cit.
1807 2640 1863 2688 C.
1894 2641 1937 2687 5.
1972 2643 2139 2702 Atque
2182 2639 2295 2687 ideo
2327 2643 2510 2688 cessat<

252 2711 451 2759 cientes
495 2709 733 2758 Rectores
773 2709 1102 2757 ecclesiarum
1142 2711 1212 2766 (C.
1258 2711 1325 2756 12.
1428 2711 1779 2772 irregularitas
1796 2711 1960 2774 quoad
1983 2712 2203 2759 haeresis
2227 2700 2498 2772 parentum

257 2781 336 2830 De
361 2780 593 2837 Poenum
623 2782 1005 2837 insectantium,
1039 2783 1116 2830 vel
1149 2796 1327 2844 percu·
1428 2783 1581 2829 fuerit
1614 2783 1813 2831 occulte
1844 2783 2020 2840 (Salm.
2051 2783 2119 2839 10,
2151 2784 2195 2838 8,
2225 2783 2305 2837 83;
2334 2781 2384 2831 Β.
2410 2781 2503 2832 Δὶ·

251 2852 494 2902 flentium
519 2853 567 2901 8.
589 2853 643 2900 R.
671 2852 724 2899 13.
748 2852 1005 2900 Ecclesiae
1028 2853 1326 2902 Cardinales
1430 2854 1606 2915 phone.
1643 2853 1751 2908 VII,
1782 2856 1907 2907 369).

249 2922 332 2982 (C.
355 2925 401 2972 ὅ.
422 2925 543 2972 Boe.
568 2929 641 2971 tie.
666 2926 715 2971 in
744 2923 834 2981 δ’),
856 2924 907 2971 id
931 2924 1099 2987 palam
1123 2939 1327 2987 expres·
1489 2927 1550 2971 23
1582 2925 1635 2975 C.
1674 2926 1740 2972 10.
1775 2926 1898 2974 Cau.
1939 2928 1978 2980 l,
2006 2927 2051 2972 7.

252 2995 340 3043 ait.
372 2994 440 3063 85
470 2995 656 3044 durum
696 2996 916 3057 profecto
946 3003 1039 3044 est.
1062 2996 1327 3044 ordinibus
1490 2997 1547 3042 24
1582 2997 1676 3045 CC.
1711 2997 1753 3049 3.
1786 3000 1828 3043 4.
1856 2997 1979 3046 Cau.
2008 2999 2046 3052 1,
2070 2999 2111 3044 4.
2147 2997 2195 3045 S.
2227 2996 2283 3047 C.
2315 2995 2371 3048 0.
2402 2995 2501 3046 Ro-

253 3065 522 3128 pronibere
545 3080 648 3122 eos,
670 3081 800 3128 quos
822 3067 903 3115 lex
926 3068 1052 3115 solis
1071 3068 1328 3115 beneflciis
1433 3082 1582 3115 mana
1606 3069 1732 3114 1718.
1752 3068 1997 3115 Thesaur.
2012 3066 2179 3115 Resol.
2197 3066 2283 3117 To.
2302 3065 2342 3123 1.
2357 3067 2503 3130 μω.

260 3140 317 3184 et
335 3135 517 3186 offleii·
549 3137 912 3186 ecclesiasticis
937 3138 1190 3200 prohibet3
1223 3152 1330 3185 eos·
1492 3140 1551 3186 25
1583 3142 1721 3187 Suar.
1757 3139 1828 3194 42,
1869 3140 1904 3196 1,
1934 3141 2002 3185 14.
2026 3138 2239 3188 Salmat.
2267 3139 2337 3197 10,
2358 3139 2404 3195 Β,
2423 3138 2501 3187 05.
