2548 4042
1024 232 1029 236 v
1093 162 1481 220 APPENDIX.

854 297 934 339 Dm
975 298 1229 339 LEGIBUS
1270 298 1713 341 IRRI'I'ANTIBUS.

238 449 365 503 209.
399 446 735 503 Occurrunt
765 448 1106 519 plerumque
1152 449 1411 503 nonnulli
1456 452 1640 512 actus,
1671 450 1792 520 qui,
1823 451 1960 508 licet
1987 454 2109 508 solo
2150 454 2411 511 naturali

156 539 295 608 jure
326 539 609 607 inspectO,
642 538 748 591 rati
784 538 1079 609 validique
1110 540 1483 608 essent,jure
1516 545 1710 593 tamen
1753 555 1858 596 seu
1903 543 2061 597 civili
2093 558 2200 599 seu
2242 559 2413 599 cano·

168 627 299 683 nico
343 628 492 681 irriti
539 629 659 697 ipso
697 629 836 697 jure
878 644 1008 682 esse
1043 629 1354 697 jubentnrr
1400 630 1756 698 quaerimus,
1798 645 1870 685 an
1918 633 2159 688 valeant
2188 635 2414 689 saltem

167 718 227 772 in
260 718 381 772 foro
405 718 819 771 conscientiae.
854 718 944 773 Uti
982 724 1161 787 patet,
1195 718 1324 771 beic
1357 733 1467 771 non
1499 720 1703 786 agitur
1735 719 1786 774 1⁰
1814 722 1885 775 de
1920 722 2008 776 bis
2036 723 2269 778 actibus
2309 723 2411 794 qui

167 808 291 877 ipso
321 809 573 862 naturali
596 809 734 877 jure
772 808 918 861 irriti
962 812 1122 870 sunt,
1150 809 1381 878 quibus,
1416 822 1642 876 nempe,
1674 809 1838 863 deest
1878 810 2101 880 aliquid
2141 814 2412 868 snbstan-

166 897 327 959 tiale,
361 902 501 966 puta
529 898 806 952 simulata
835 898 1157 966 sponsalia;
1191 897 1280 950 vel
1318 898 1416 966 qui
1450 900 1624 966 turpe
1652 898 1874 968 aliquid
1906 900 2231 963 continent,
2262 917 2314 955 v.
2345 916 2412 965 c.,

165 987 420 1042 societas
448 988 602 1041 coita
634 987 859 1041 furandi
892 1002 1071 1041 cansa
1099 986 1206 1055 (l):
1251 1001 1375 1047 nec,
1420 987 1475 1040 2⁰
1505 1003 1579 1041 ex
1621 988 1869 1050 diverso,
1905 990 1980 1043 ad
2011 1006 2110 1045 eos
2139 990 2236 1062 qui
2271 992 2413 1062 jure

165 1077 382 1133 nedum
432 1077 689 1131 naturali
741 1078 840 1130 sed
885 1083 944 1130 et
995 1077 1152 1130 civili
1206 1079 1311 1130 aut
1360 1077 1640 1130 canonico
1694 1078 1804 1131 rati
1857 1083 2012 1142 sunt,
2059 1080 2196 1135 licet
2237 1082 2414 1136 detur

165 1165 452 1221 adversus
494 1181 595 1219 eos
635 1169 892 1219 restitutio
931 1170 987 1218 in
1028 1169 1324 1233 integrum5
1370 1182 1420 1217 V.
1463 1182 1530 1227 c.,
1578 1167 1703 1219 initi
1749 1184 1784 1221 a
1829 1170 2165 1231 minoribns.
2212 1171 2411 1239 nuptis

166 1253 258 1324 (ἐξ
285 1252 513 1326 34.48);
558 1257 658 1308 sed
705 1270 813 1308 nec
853 1256 926 1308 ad
972 1270 1070 1309 eos
1105 1255 1361 1323 pertinet
1402 1256 1459 1309 3‘b
1489 1256 1719 1325 quibus.
1763 1259 1930 1312 salva
1973 1259 2228 1314 naturali
2272 1260 2413 1315 obli-

168 1345 433 1412 gatione,
462 1343 616 1397 actio
643 1343 952 1396 dumtaxat
997 1344 1051 1396 in
1088 1343 1206 1396 foro
1236 1346 1481 1398 externo
1515 1360 1623 1398 non
1657 1346 1848 1409 datur,
1881 1348 1972 1402 vel
2001 1349 2280 1419 adempta
2311 1350 2420 1405 fuit

165 1428 224 1500 (ἓ
263 1430 414 1496 206).
444 1429 556 1483 Sed
598 1428 669 1482 de
712 1429 801 1482 his
843 1431 1074 1482 tantum
1116 1428 1337 1495 agitur,
1368 1430 1581 1498 quibus
1626 1431 1771 1484 nibil
1812 1433 1982 1486 deest
2023 1448 2098 1487 ex
2141 1435 2230 1489 bis
2264 1450 2423 1506 quae

169 1519 430 1574 naturali
452 1520 590 1588 Jure
621 1518 1052 1581 desiderantur,
1078 1517 1179 1572 sed
1209 1517 1344 1585 lege
1375 1518 1579 1587 aliqua
1607 1520 1768 1573 civili
1797 1527 1903 1575 aut
1932 1523 2216 1578 canonica
2245 1523 2422 1590 irriti,

172 1609 496 1679 infectique
538 1623 669 1663 esse
701 1609 1007 1678 jubentur.

242 1700 369 1753 210.
415 1700 543 1767 Age
587 1698 767 1758 mod0,
799 1701 967 1751 actus
1003 1695 1335 1766 hujusmodi
1383 1697 1511 1750 ideo
1556 1697 1706 1751 irriti
1753 1699 2074 1770 infectique
2117 1702 2269 1756 fiunt
2320 1703 2419 1759 vel

171 1789 224 1843 1⁰
251 1789 392 1858 quia
433 1788 666 1856 legibus
709 1791 1004 1852 vetantur,
1037 1787 1126 1840 vel
1173 1787 1234 1841 2⁰
1263 1786 1404 1856 quia
1435 1786 1530 1840 lex
1566 1787 1653 1841 eis
1692 1790 1959 1856 agendiS,
2001 1792 2303 1855 obeundiS,
2335 1793 2426 1847 in-

166 1878 379 1934 eundis
421 1893 523 1931 nos
566 1877 868 1931 inidoneos
910 1881 970 1930 et
1014 1877 1306 1930 inhabiles
1350 1877 1514 1940 fecit3
1561 1878 1652 1930 vel
1685 1879 1915 1932 demum
1947 1879 2003 1935 3⁰
2032 1881 2171 1950 quia
2201 1897 2309 1936 non
2344 1898 2420 1938 ex

158 1971 317 2040 jure.
350 1969 500 2023 idest
542 1969 818 2036 neglecta
850 1969 1002 2037 Juris
1035 1968 1230 2031 forma,
1268 1969 1488 2035 peracti
1534 1975 1690 2022 sunt.
1721 1970 1799 2023 De
1835 1971 2068 2026 actibus
2108 1987 2261 2042 quae
2291 1973 2420 2028 fieri

166 2059 555 2130 prohibentur
587 2059 705 2113 fere
738 2059 1017 2126 expedita
1048 2074 1140 2110 res
1170 2061 1283 2111 est:
1319 2074 1450 2111 nam
1483 2059 1528 2112 si
1566 2059 1658 2112 lex
1688 2074 1790 2112 eos
1823 2062 1881 2113 et
1913 2061 2035 2115 fieri
2071 2065 2251 2126 vetet,
2282 2067 2341 2118 et
2369 2064 2421 2118 si

167 2147 308 2203 facti
353 2147 474 2202 sint
518 2148 716 2201 irritos
758 2163 889 2201 esse
921 2149 1149 2217 jubeat,
1184 2148 1404 2201 nullius
1450 2149 1833 2216 proculdubio
1875 2150 2151 2205 momenti
2194 2153 2422 2208 suntin

169 2241 420 2308 utroque
464 2239 582 2292 foro
625 2236 734 2309 (2):
766 2238 865 2292 sin>
904 2238 1171 2306 prohibet
1216 2242 1464 2303 tantum,
1508 2254 1610 2292 eos
1654 2241 1856 2294 valere
1901 2240 1960 2292 in
1993 2244 2240 2311 utroque
2281 2241 2422 2307 for0,

170 2413 309 2461 libus
343 2414 542 2473 prodita
574 2414 687 2466 fuit,
720 2425 980 2473 perperam
1023 2411 1084 2456 ad
1119 2424 1240 2471 poe-

170 2485 311 2531 nalia
333 2485 637 2534 traheretur:
664 2489 713 2529 et
732 2498 789 2529 ea
813 2510 830 2519 ·
852 2486 941 2541 qui
961 2496 1055 2539 per
1077 2485 1243 2527 allum

170 2555 306 2614 facie
329 2569 429 2613 per
467 2569 521 2602 se
560 2558 729 2611 ipsum
768 2554 948 2611 facere
979 2556 1184 2598 videtur
1220 2577 1239 2586 -

170 2640 301 2687 quae
335 2627 490 2671 etiarn
526 2626 587 2671 ad
623 2626 853 2685 poenalia
886 2626 1119 2684 pertinet,
1145 2628 1239 2668 tra-

172 2697 341 2743 henda
365 2711 464 2742 non
488 2702 566 2742 est
589 2697 651 2741 ad
676 2710 827 2742 casus
852 2709 949 2740 non
975 2707 1244 2753 expressos

172 2769 364 2828 injure.
382 2768 458 2812 Ex
480 2768 531 2809 2⁰
549 2767 843 2812 nasciturus
863 2780 951 2825 pro
972 2770 1088 2809 nato
1110 2763 1242 2808 hand

171 2845 266 2894 est,
284 2842 327 2887 si
349 2844 525 2899 postea
545 2841 693 2883 vivus
713 2844 763 2883 et
784 2837 957 2882 vitulis
979 2840 1131 2880 natus
1147 2848 1243 2879 non

171 2911 327 2958 fuerit
347 2915 395 2964 (ἓ
419 2911 508 2955 26.
534 2909 608 2954 Ex
633 2911 680 2953 3⁰
701 2908 923 2953 defuncti
943 2913 993 2951 et
1011 2906 1244 2951 haeredis

176 2981 350 3027 eadem
388 2994 603 3041 persona
626 2984 704 3024 est
728 2978 892 3038 quoad
913 2979 1028 3037 jura
1051 2983 1101 3022 et
1125 2976 1245 3021 obli·

173 3053 420 3112 gationes,
457 3057 510 3097 at
543 3050 719 3095 haeres
764 3063 860 3094 non
908 3047 1249 3107 praesumitur

176 3123 306 3168 scire
360 3135 710 3181 quaecumque
764 3118 1033 3165 defunctus
1087 3118 1250 3176 gessit

174 3192 250 3249 (L.
282 3192 339 3238 43
375 3194 447 3238 De
482 3194 539 3237 R.
573 3192 653 3238 JA:
691 3204 779 3236 uec
805 3194 971 3249 potest
1002 3201 1247 3238 revocare,

178 3278 223 3309 v.
246 3277 303 3316 c.,
333 3266 639 3307 testamento
665 3262 852 3312 relicta,
879 3264 1030 3320 prout
1053 3259 1135 3304 ille
1166 3272 1250 3317 po·

175 3334 365 3380 tuisset
413 3334 489 3378 Ex
524 3335 571 3375 4⁰
606 3332 855 3390 promissa
884 3332 934 3375 in
965 3334 1168 3388 tempus
1194 3329 1250 3374 li-

178 3405 424 3451 berorum.
445 3408 534 3447 aut
554 3404 729 3447 mortis
746 3402 868 3461 cap,
889 3415 984 3447 non
1005 3401 1252 3446 debentur

178 3474 287 3521 filio
309 3474 549 3533 adoptato
573 3471 646 3526 (L.
668 3472 742 3524 53,
766 3477 794 3525 5
822 3474 873 3516 Is
895 3474 980 3517 cui
1004 3472 1078 3518 De
1100 3473 1236 3527 ἱεραί

180 3545 223 3592 2.
258 3545 311 3591 L.
343 3547 404 3588 75
436 3545 511 3590 De
546 3546 734 3589 condit.
784 3547 830 3587 ec
878 3546 1116 3591 demon).
1163 3543 1254 3585 aut

180 3616 301 3676 Cajo
335 3619 536 3660 tantum
568 3614 795 3659 civiliter
838 3619 1034 3657 mortuo
1072 3612 1145 3668 (L.
1179 3611 1253 3663 79,

1347 2414 1374 2470 ἓ
1405 2414 1795 2460 Haeredicatem
1818 2414 1861 2459 5.
1890 2415 1960 2459 De
1975 2414 2148 2470 ἱεραί.
2174 2414 2215 2459 2.
2242 2414 2298 2460 L.
2322 2415 2423 2470 121,

1346 2488 1373 2536 5
1407 2485 1471 2528 In
1511 2486 1744 2529 insulam
1779 2484 1820 2529 2.
1855 2485 1930 2530 De
1971 2486 2018 2529 V.
2061 2485 2151 2538 0.);
2188 2489 2239 2530 et
2281 2485 2420 2533 fictio

1346 2566 1446 2613 qua
1481 2555 1754 2599 eanonicus
1784 2553 2012 2600 infirmus
2039 2568 2127 2613 pro
2154 2559 2420 2615 praesente

1346 2628 1417 2674 (in
1454 2624 1626 2669 choro·
1661 2630 1753 2676 est,
1788 2638 1900 2670 cum
1937 2625 2004 2670 sit
2032 2626 2324 2673 introducta
2359 2629 2418 2679 ut

1345 2694 1627 2740 lucraretur
1651 2694 2036 2740 distributiones
2070 2696 2412 2755 quotidianas,

1348 2764 1409 2809 ad
1431 2765 1699 2810 lucrandas
1720 2765 2107 2811 distributiones
2132 2766 2263 2812 inter
2282 2780 2421 2826 prae·

1346 2839 1517 2880 sentes
1552 2835 1676 2880 nihil
1717 2835 1862 2880 valet,
1901 2839 1966 2880 At
1996 2835 2164 2896 quoad
2199 2850 2258 2882 ea
2287 2849 2420 2897 quae

1347 2905 1484 2951 fictio
1520 2909 1665 2965 parit,
1702 2905 1824 2951 haec
1851 2907 1899 2950 in
1926 2906 2029 2951 foro
2061 2918 2259 2966 quoque
2294 2921 2415 2953 con-

1347 2978 1587 3021 scientiae
1642 2977 1807 3022 locutn
1861 2976 2066 3024 habent.
2116 2977 2421 3025 Communis

1348 3047 1514 3105 (Reiff.
1548 3047 1583 3099 Ι,
1621 3047 1663 3099 2,
1695 3049 1814 3094 1851.

1415 3121 1428 3163 1
1473 3121 1632 3164 Actus
1676 3118 1971 3179 huJ'usmodi
2013 3133 2112 3165 non
2150 3122 2300 3166 irriti
2337 3121 2418 3167 di-

1357 3192 1502 3236 cendi
1538 3195 1673 3242 sunt,
1710 3191 1798 3236 sed
1835 3191 2036 3248 infecti,
2067 3191 2188 3250 quii».
2217 3191 2423 3239 omnino

1352 3275 1449 3307 non
1486 3266 1610 3307 sunt
1643 3262 1903 3309 (Laurent.
1942 3261 2120 3313 XVIII,
2151 3262 2275 3313 569).

1413 3335 1440 3376 2
1473 3333 1616 3378 Suar.
1647 3332 1704 3383 V,
1730 3332 1799 3385 22,
1823 3334 1852 3376 6
1890 3335 1941 3376 et
1963 3336 2070 3377 toto
2093 3333 2215 3392 Cap.
2238 3333 2310 3376 25.
2337 3331 2426 3378 Ut-

1354 3409 1480 3463 puta
1515 3404 1741 3448 incoesta
1775 3403 1851 3447 vel
1876 3402 2195 3448 clandestina
2226 3415 2419 3448 connu-

1355 3474 1453 3524 bia,
1489 3474 1802 3519 renunciatio
1838 3472 2163 3519 haereditatis
2196 3473 2306 3533 ejus
2333 3472 2423 3532 qui

1353 3543 1579 3589 nondum
1614 3545 1721 3589 vita
1755 3543 1992 3590 decessit..
