2548 4042
198 9 300 68 3¹8
433 26 558 65 nas
595 24 745 63 ram
768 35 792 48 ·
813 21 1183 63 rnoasoonm
1203 0 1230 46 ὲ
1249 18 1424 61 macr.
1448 17 1524 59 va·
1547 0 1925 65 aemam&
1950 0 1998 9 ”
2077 0 2454 93 ’Ῐᾷςξ
2511 66 2518 74 ,

201 115 262 166 et
291 110 503 166 nedum
537 106 900 176 suspensiva,
930 104 1084 176 quod
1127 118 1299 160 nemo
1327 105 1541 173 negat3
1570 101 1673 160 sed
1700 102 1880 160 etiam
1909 91 2339 177 resolutiva,f‹'1⁴
2531 118 2545 170 ·ῑ

200 202 291 254 est
332 197 528 252 verius
565 195 699 268 (33).
729 196 821 260 At,
862 210 995 251 cum
1036 194 1159 250 lata
1186 193 1316 258 mit,
1341 195 1686 248 anawanum·
1720 208 1893 248 socam
1931 193 2127 262 trahi&
2167 194 2319 253 idest
2354 181 2462 259 ab

199 288 326 358 ipsa
356 288 704 357 publicatione
732 299 898 340 reum
930 286 1116 340 tenet:
1162 286 1223 339 et
1264 283 1321 337 in
1364 282 1703 338 devolutivo
1729 282 1958 338 tantum
1999 282 2210 353 recipit
2234 280 2435 356 appel·
2527 354 2532 358 k

200 376 476 432 lationem
510 376 637 445 (34).
664 372 781 429 Sed
813 388 1113 443 nunquam
1143 372 1356 427 transit
1378 371 1434 426 in
1462 385 1582 427 rem
1602 371 1952 441 judicatam:
1977 387 2130 436 nam,
2160 372 2275 428 etsi
2305 374 2434 444 pout

199 465 402 521 decem
433 465 559 518 dies
586 465 660 518 ab
689 479 759 518 ea
793 462 1050 532 amplius
1088 460 1369 531 appellari
1415 461 1699 531 nequeat;
1742 459 2119 533 nihilominus
2160 475 2435 519 recursus

197 554 269 609 ad
314 551 374 607 S.
405 553 614 608 Sedem
646 555 849 606 contra
890 551 1017 620 ejus
1063 549 1411 619 injustitiam
1452 563 1682 619 semper
1720 548 2058 604 admittitur
2094 549 2229 622 (35).

824 761 973 814 ART.
1005 760 1073 813 11.
1104 761 1181 812 De
1221 759 1497 826 Effectibus
1536 774 1804 812 censurae.

276 912 404 967 330.
447 910 708 965 Effectus
749 922 1131 965 censurarum
1178 921 1379 963 omnes
1408 921 1482 961 ex
1501 906 1637 975 jure
1666 907 1964 971 canonice,
2007 922 2122 978 quo
2149 920 2436 967 censurae

201 1003 340 1056 sunt
383 1000 772 1062 introductae,
815 998 1053 1069 petendi
1096 998 1247 1052 sunt.
1280 995 1411 1066 Age
1443 1011 1614 1059 nunc,
1657 1010 1943 1051 censurae
1983 996 2251 1052 adimunt
2277 982 2439 1051 usui»

204 1092 500 1151 bonorum,
535 1088 912 1158 regulariter,
944 1086 1339 1157 spiritualium
1367 1087 1633 1140 tantum:
1663 1101 1774 1141 nec
1805 1086 2078 1149 omnium,
2107 1085 2210 1141 sed
2239 1098 2438 1142 eorum

207 1195 360 1250 quae
402 1179 810 1234 communione
851 1177 1112 1233 fidelium
1155 1174 1426 1247 (ideoque
1475 1175 1774 1231 Ecclesiae
1817 1173 2274 1247 dispensatione)
2311 1173 2439 1231 sive

206 1272 474 1332 externa,
506 1268 630 1323 sive
675 1267 909 1322 interna
947 1264 1023 1337 (1)
1063 1265 1442 1320 continentur
1471 1264 1523 1333 (g
1557 1263 1711 1336 108):
1756 1266 1817 1320 et
1857 1267 2165 1335 praeterea
2206 1262 2441 1319 clericis

204 1358 474 1413 adimunt
504 1372 675 1411 usum
705 1371 921 1418 eorum,
951 1369 1102 1424 quae
1133 1357 1271 1408 sunt
1301 1353 1644 1414 clericorum
1675 1354 1920 1423 propria.
1950 1354 2021 1408 Et
2050 1353 2442 1408 excommuni-

207 1447 362 1502 catio
401 1447 548 1503 haec
590 1445 785 1499 omnia
828 1458 1062 1514 prorsus
1103 1442 1327 1506 adimit,
1372 1442 1770 1506 interdictum,
1811 1444 1871 1498 et
1900 1442 2205 1513 suspensio
2242 1441 2444 1514 aliqua

265 1640 323 1685 33
355 1640 409 1688 C.
442 1639 502 1683 40
527 1640 599 1704 De
631 1640 884 1695 Appellat.
919 1637 969 1684 S.
995 1637 1143 1696 Alph.
1173 1635 1277 1690 VII,

206 1712 280 1756 63.
304 1710 360 1754 V.
385 1724 424 1756 c.
450 1712 571 1755 Nisi
600 1709 754 1767 infra
788 1721 1012 1756 mensem
1046 1710 1273 1755 restitue.-

205 1784 283 1826 ris
315 1780 486 1838 (Salm.
521 1782 615 1837 67),
647 1780 725 1826 vel
760 1784 915 1826 donee
952 1778 1275 1837 satisfeceris

1438 1636 1496 1681 35
1529 1637 1605 1682 Ex
1639 1637 1691 1685 C.
1715 1638 1772 1681 48
1795 1638 1870 1684 De
1893 1637 1942 1685 S.
1963 1638 2014 1682 E.
2040 1638 2094 1686 C.
2117 1637 2178 1683 36
2198 1637 2277 1685 De
2303 1637 2352 1683 0.
2375 1636 2439 1683 D.

1377 1707 1430 1755 C.
1466 1706 1557 1753 ult.
1590 1708 1667 1754 De
1698 1708 1900 1755 Poenis.
1934 1707 2073 1754 Suar.
2105 1709 2143 1763 1,
2178 1708 2216 1762 1,
2243 1707 2291 1755 8.

1442 1780 1457 1823 l
1485 1778 1629 1826 Suar.
1673 1779 1714 1834 6,
1766 1780 1802 1833 1,
1835 1779 1876 1824 3.
1926 1779 2135 1826 Salmat.
2185 1778 2252 1835 10,
2302 1779 2345 1835 1,
2398 1778 2441 1827 8.

201 1851 367 1910 (Suar.
400 1855 441 1905 7,
476 1853 515 1906 l,
549 1854 613 1897 10.
642 1851 814 1910 Laym.
842 1849 945 1906 VII,
978 1852 1035 1908 l).
1057 1850 1158 1895 Nec
1191 1849 1273 1895 ob·

209 1926 317 1970 stat
350 1922 425 1978 (V.
449 1923 595 1969 Suar.
621 1923 664 1979 3,
687 1925 729 1976 4,
751 1924 811 1978 7).
840 1923 892 1969 C.
915 1922 959 1975 5,
985 1922 1012 1980 ἓ
1046 1924 1275 1968 caveant

210 1995 287 2042 De
320 1994 366 2038 S.
399 1996 452 2038 E.
487 1997 539 2039 in
571 1995 636 2040 6⁰.
675 1993 802 2039 Lata
848 1992 944 2040 sub
988 1992 1274 2039 conditione

217 2065 536 2125 suspensiva,
554 2064 633 2110 vel
651 2078 713 2110 ex
737 2064 831 2117 die,
848 2077 948 2109 non
971 2062 1277 2122 intelligitur

213 2135 379 2195 quoad
414 2134 650 2189 conditio,
683 2134 762 2180 vel
796 2134 905 2180 dies
939 2133 1192 2186 extiterit3
1226 2137 1276 2179 et

206 2207 251 2252 si
285 2207 392 2252 dies
428 2206 505 2251 vel
538 2206 760 2252 conditio
808 2206 1041 2265 apposita
1082 2204 1181 2249 fuit
1223 2206 1273 2249 in

207 2277 424 2323 favorem
459 2277 612 2330 tertii,
644 2278 694 2322 in
730 2278 981 2335 potestate
1015 2275 1172 2335 hujus
1199 2277 1276 2319 est

209 2360 318 2393 eam
355 2361 622 2407 prorogare
657 2348 818 2396 (Suar.
846 2347 887 2401 3,
910 2348 951 2398 6,
976 2348 1028 2398 83
1069 2345 1273 2391 Salmat.

206 2431 253 2463 n.
273 2418 374 2474 70);
393 2432 583 2478 nempe,
603 2418 854 2478 pendente
874 2417 1175 2471 conditione,
1195 2416 1273 2462 vel

206 2487 316 2545 die;
349 2502 466 2534 narn
505 2503 617 2534 curn
643 2502 857 2535 censura
891 2489 1043 2533 fuerit
1072 2488 1277 2532 incursa

204 2556 331 2613 tolli,
354 2562 708 2619 praeterquam
728 2558 1057 2612 absolutione,
1075 2571 1174 2603 non
1193 2571 1277 2617 po-

203 2633 307 2676 test
349 2630 425 2686 (V.
462 2630 603 2676 Suar.
629 2630 735 2685 VII,
770 2631 813 2682 8,
835 2630 927 2686 23).
964 2629 1061 2674 Sed
1102 2632 1275 2674 utrum

210 2701 273 2747 ad
297 2714 405 2746 eam
431 2700 795 2760 prorogandam
835 2713 963 2758 opus
998 2701 1067 2744 sit
1097 2703 1272 2745 aucto-

213 2772 363 2817 ritate
382 2773 491 2831 ejus
511 2772 597 2831 qui
623 2784 886 2817 censuram
911 2770 1045 2825 tulit,
1065 2770 1183 2828 quia
1202 2772 1279 2814 est

216 2846 360 2888 actus
398 2842 771 2901 Jurisdictionis
810 2841 1034 2895 (Silvest.
1071 2840 1278 2885 Navarr.

207 2913 279 2967 27,
321 2914 410 2958 15›:
453 2927 515 2958 an
560 2915 744 2966 minus,
781 2914 902 2971 quia
947 2912 1279 2963 contumacia,

213 2983 274 3029 ob
294 2997 444 3043 quam
471 2984 800 3037 contrahitur,
836 2986 928 3038 est,
957 2983 998 3027 si
1024 2981 1157 3041 quod
1175 2982 1282 3041 jus-

217 3068 306 3100 sus
327 3054 479 3099 fuerit
502 3068 593 3100 suo
627 3058 849 3113 tempore
886 3066 984 3099 non
1010 3054 1275 3112 praestite-

212 3124 292 3178 rit,
317 3138 443 3182 quae
474 3124 600 3180 heic,
634 3125 879 3170 creditore
916 3123 1278 3175 consentiente,

223 3207 322 3239 non
342 3195 643 3254 intelligitur
662 3195 874 3251 (Suar.3‚
890 3193 1017 3251 6‚9>?
1033 3194 1138 3240 Hoc
1156 3192 1281 3238 mihi

208 3268 258 3308 et
294 3265 521 3323 aequius,
545 3270 607 3317 et,
630 3267 730 3311 nisi
752 3266 1054 3312 cavillemur
1081 3278 1143 3311 ex
1168 3267 1277 3324 api-

210 3333 352 3380 cibus
378 3335 527 3393 juris,
563 3338 729 3382 verius
765 3339 854 3382 est.

268 3407 327 3449 34
350 3405 446 3453 CC.
463 3406 537 3458 37,
555 3407 613 3450 53
638 3410 713 3454 De
729 3410 977 3465 Appellat.
1000 3406 1145 3464 Quod
1169 3405 1279 3451 heic

216 3475 471 3535 singulare
505 3479 582 3522 est
616 3477 778 3533 (Suar.
814 3479 854 3534 3,
889 3479 932 3530 6,
965 3478 1026 3533 5).
1053 3479 1275 3533 Quamo-

225 3546 359 3592 brem
381 3559 481 3592 non
503 3546 797 3606 prohibetur
811 3549 970 3608 J'udex
991 3562 1024 3593 a
1047 3560 1144 3606 quo
1167 3561 1280 3593 con·

218 3615 511 3663 demnatum
539 3618 802 3663 vitandum
828 3619 1081 3666 declarare
1115 3619 1184 3668 (C.
1205 3618 1278 3673 53,

213 3690 240 3739 5
267 3688 277 3729 l
311 3689 543 3745 Eodem).

1376 1852 1659 1905 Fidelium,
1681 1863 1779 1896 non
1808 1849 2109 1897 Sanctorum
2133 1850 2235 1908 (cit.
2259 1853 2288 1905 5
2322 1848 2443 1910 108).

1379 1922 1731 1978 Reyulariter,
1798 1934 1913 1967 nam
1985 1919 2446 1985 excommunicatio

1379 1991 1624 2038 nonnulla
1656 2004 1854 2052 quoque
1879 2005 1940 2037 ex
1965 1990 2047 2037 his
2083 1991 2279 2048 adimit,
2311 2001 2443 2051 quaa
2510 2027 2514 2030 .
2545 2002 2548 2018 ³

1378 2063 1441 2110 ad
1476 2063 1691 2116 civilem,
1725 2066 1775 2108 et
1819 2061 2103 2108 naturalem
2147 2061 2444 2109 societatem

1384 2134 1639 2180 hominem
1668 2134 1936 2192 pertinent.
1978 2134 2133 2179 Usum
2165 2134 2444 2186 honorium·

1376 2219 1476 2251 non
1513 2218 1591 2251 res
1625 2205 1788 2263 ipsas;
1822 2203 2032 2263 ideoque
2064 2215 2156 2248 nec
2187 2202 2305 2262 jura
2351 2213 2446 2249 ssu

1377 2276 1549 2331 realia,
1596 2288 1686 2320 seu
1732 2273 2037 2334 personalia3
2074 2285 2230 2334 eoque
2271 2270 2445 2318 minus

1380 2346 1712 2406 capacitatem
1732 2344 2044 2404 personalem
2065 2342 2322 2398 adimunt3
2337 2342 2446 2389 sivo

1379 2430 1506 2471 eam,
1540 2429 1668 2477 quae
1701 2416 1938 2462 consistit
1969 2428 2030 2460 ex
2058 2417 2171 2475 jure
2203 2413 2446 2468 naturali,

1380 2488 1520 2534 velut
1552 2489 1780 2546 potestas
1815 2485 2014 2532 emendi
2047 2488 2137 2532 aut
2169 2482 2445 2539 vendendi;

1380 2559 1488 2604 sive
1512 2571 1621 2604 eam
1654 2570 1784 2617 quae
1816 2557 2052 2603 consistit
2074 2569 2135 2602 ex
2152 2556 2266 2617 jure
2289 2555 2442 2612 civili,

1384 2632 1441 2674 ut
1473 2631 1700 2689 potestas
1734 2627 1980 2681 testandi3
2014 2627 2167 2673 immo
2199 2638 2291 2673 nec
2313 2637 2439 2679 eam,

1381 2712 1509 2759 quae
1555 2700 1790 2746 consistit
1831 2712 1893 2744 ex
1931 2699 2045 2758 jure
2088 2698 2340 2751 canonico,
2386 2697 2447 2742 ut

1381 2775 1508 2828 puta
1552 2771 1807 2829 capacitas
1852 2768 2147 2829 acquirendi
2190 2767 2448 2824 beneficia,

1384 2840 1464 2886 vel
1487 2840 1647 2886 officia
1679 2840 2039 2894 ecclesiastica,
2064 2839 2142 2885 vel
2177 2838 2241 2885 ad
2267 2852 2326 2884 ea
2358 2837 2448 2884 eli·

1386 2910 1551 2970 gendi,
1575 2910 1958 2970 praesentandi3
1979 2909 2079 2955 nisi
2105 2908 2157 2955 id
2174 2909 2227 2955 in
2242 2909 2355 2969 Jure
2377 2907 2448 2954 sit

1386 2993 1707 3040 expressum:
1741 2983 1950 3039 excepta
1972 2992 2231 3037 excomm„
2252 2979 2314 3025 de
2344 2991 2447 3040 qua

1383 3054 1572 3112 postea.
1607 3050 1836 3109 Plerique
1869 3064 1930 3096 ex
1973 3050 2170 3096 Nostris
2203 3052 2255 3096 et
2287 3048 2449 3096 Cano·

1383 3123 1550 3176 nistiS,
1568 3123 1698 3167 inter
1721 3122 1928 3167 effectus
1953 3133 2210 3179 censurae,
2227 3119 2447 3181 plerum·

1383 3207 1480 3252 que
1513 3192 1871 3252 indignitatem
1906 3194 2180 3245 recensent,
2213 3205 2260 3238 v.
2292 3203 2348 3246 c„
2380 3190 2444 3237 ad

1382 3264 1598 3318 ordinae,
1633 3262 1694 3309 ad
1723 3262 1964 3308 beneficia
1989 3261 2331 3309 ecclesiastica
2361 3274 2446 3308 su·

1385 3334 1661 3394 scipienda.
1701 3333 1823 3388 Hoc,
1870 3331 2004 3378 absit
2045 3331 2194 3378 verbo
2237 3331 2452 3386 invidia,

1386 3405 1590 3451 devium
1621 3407 1722 3450 est:
1755 3403 2035 3463 indignitas
2059 3403 2191 3449 enim
2223 3402 2447 3464 profluit,

1385 3489 1484 3522 non
1507 3488 1569 3520 ex
1594 3488 1820 3528 censura,
1850 3473 1937 3520 sed
1962 3487 2023 3518 ex
2046 3473 2254 3531 delict03
2274 3475 2324 3519 et
2345 3486 2442 3520 non
2508 3525 2509 3528 Ἴ

1388 3547 1638 3603 canonico,
1662 3546 1751 3592 sed
1776 3544 1993 3592 naturali
2011 3546 2122 3606 jure
2144 3544 2372 3606 profluit3
2395 3548 2445 3591 et

1385 3619 1437 3663 in
1463 3618 1814 3663 aestimatione
1831 3615 1943 3663 boni
1968 3617 2063 3662 viri
2085 3615 2253 3676 posita
2269 3617 2347 3661 est
2362 3613 2441 3674 (V.
2520 3635 2523 3647 =

1384 3687 1511 3747 Sayr
1532 3687 1616 3743 IV,
1644 3688 1707 3742 16,
1733 3686 1824 3743 23).
