2548 4042
175 103 183 110 ’
397 143 509 208 31,
535 144 828 221 33130090
847 90 1056 222 quoad
1092 146 1333 205 ordines
1372 145 1626 206 minores
1663 147 2084 221 suscipiendos.
2123 147 2221 207 vel
2262 163 2433 208 exer·

111 235 131 281 2.
422 278 439 306 ,
421 241 522 295 ·et
543 236 620 296 ad
647 252 830 296 nnnm
856 237 1211 296 beneficium
1236 238 1394 310 qnod
1422 253 1539 295 non
1567 238 1760 341 exigit
1785 238 2048 310 ordinem
2081 252 2314 297 sacrum
2341 241 2436 314 (7).

31 295 51 321 ⁹³
101 286 197 399 ’ ,
193 326 347 392 niet
372 327 648 403 quianon
693 328 872 399 possit
910 327 1174 400 spurium
1217 343 1281 387 se
1317 327 1561 401 prodere
1589 327 1720 385 sine
1750 328 2010 393 infamis.
2040 329 2206 386 nulla
2233 329 2289 387 ei
2317 328 2435 388 dis·

133 417 545 493 pensatione
570 432 716 489 opus
743 422 837 474 est
860 418 957 492 (8).
989 417 1073 474 Ex
1100 418 1339 475 defectu
1382 417 1677 474 libertatis
1717 421 1856 475 sunt
1890 419 2251 489 irregulares
2276 419 2435 478 servi

0 491 39 544 7²
98 534 102 539 ·
194 501 321 587 (nbi
359 507 620 566 servitus
655 507 851 564 adhuc
890 508 1100 580 viget).
1131 507 1241 563 nisi
1281 507 1496 563 domini
1540 507 1894 564 ordinationi
1937 524 2137 565 eornm
2180 523 2438 568 consen-

192 595 488 669 soeintoe)
511 598 638 653 Huc
663 598 963 670 pertinent
985 596 1406 670 quodammodo
1431 596 1677 667 obligati
1701 597 1774 654 ad
1806 598 2112 654 ratiocinia
2133 598 2436 674 (rationes)

191 686 493 748 radenda
516 685 633 759 (10)
677 704 750 745 ex
792 703 1035 744 munere
1074 686 1289 759 aliquo,
1333 685 1425 742 vel
1467 687 1673 750 officie.
1717 688 1808 743 vel
1855 690 2099 757 negocio
2139 689 2431 747 saeculari

192 776 427 838 clericis
466 778 780 834 interdicto
822 777 967 850 (11);
1008 778 1194 833 donec
1241 791 1306 832 se
1346 776 1550 840 officie.
1607 778 1852 845 negocio
1904 780 2327 845 abdicaverint.
2368 784 2432 838 et

192 867 452 927 renones
491 868 852 924 reldiderint
903 868 1042 940 (12);
1086 867 1179 923 vel
1230 866 1303 922 de
1351 867 1784 923 satisfaciemus
1833 869 2220 925 creditoribus
2261 883 2431 927 cave·

191 956 315 1016 rint
348 957 484 1031 (13).
527 958 766 1021 Verum.
805 957 855 1014 si
899 956 1118 1014 suerint
1177 955 1449 1021 ordinati,
1491 956 1775 1012 exercitio
1830 958 2050 1013 ordinis
2097 959 2256 1014 nullo
2292 960 2435 1030 jure

55 1102 69 1111 .
193 1047 579 1124 prohibentur
596 1047 727 1119 (14).

665 1171 742 1222 De
780 1169 1269 1238 imqularitatn'bus
1306 1185 1371 1221 ex
1411 1168 1616 1235 defectu
1655 1169 1965 1238 impropriis.

264 1318 394 1376 413.
422 1317 761 1391 Hujusmodi
803 1322 943 1374 sunt
982 1332 1134 1389 quae
1177 1316 1470 1387 profluunt
1512 1332 1586 1373 ex
1627 1316 1824 1389 aliquo
1865 1331 1970 1372 seu
2013 1318 2283 1389 corporis,
2327 1333 2433 1376 seu

184 1407 372 1471 animi
410 1408 585 1472 vitio;
614 1423 730 1481 quo
773 1409 856 1472 fit,
887 1411 949 1463 ut
977 1406 1109 1478 quis
1151 1406 1507 1470 nullatenus
1539 1406 1631 1462 vel
1666 1422 1779 1463 non
1809 1423 1896 1471 ea,
1926 1422 2042 1479 qua
2073 1423 2175 1479 par
2212 1412 2319 1474 est,
2347 1409 2429 1466 di·

186 1498 424 1573 gnitate
450 1500 612 1555 obire
657 1498 853 1554 valeat
893 1512 1045 1570 quae
1076 1497 1378 1568 pertinent
1417 1498 1491 1553 ad
1519 1497 1725 1553 altaris
1757 1498 2145 1554 ministerium
2167 1497 2263 1571 (l).
2295 1500 2428 1565 Has,

189 1589 667 1662 irregularitates
707 1603 838 1645 esse
887 1590 1185 1658 negarunt
1213 1590 1450 1643 veteres
1478 1588 1713 1659 quidam
1742 1586 1843 1660 (2):
1875 1591 2081 1643 contra
2121 1588 2221 1644 alii
2256 1604 2429 1660 pares

187 1693 294 1738 eas
333 1679 601 1737 fecerunt
630 1677 1168 1748 irregularitatibus
1209 1691 1362 1749 quae
1404 1692 1478 1732 ex
1518 1678 1753 1733 defectu
1782 1680 1991 1742 status,
2024 1678 2307 1743 lenitatis,
2335 1694 2424 1737 sa·

188 1769 477 1828 eramenti
493 1769 778 1824 oriuntur.
798 1768 1118 1838 Utrumque
1142 1770 1488 1832 extremum,
1508 1768 1555 1823 si
1579 1768 1716 1839 quid
1739 1769 1966 1839 opinor;
1987 1770 2209 1825 etenim
2231 1784 2425 1842 neque

185 1875 391 1919 omnes
429 1859 903 1930 irregularitates
943 1861 1079 1913 sunt
1122 1858 1246 1914 veri
1291 1858 1564 1920 nominis:
1597 1862 1657 1913 et
1698 1874 1850 1929 quae
1891 1862 2029 1914 sunt
2072 1874 2184 1915 non
2219 1860 2423 1917 eodem

180 2040 547 2100 praelationes
575 2040 878 2087 nullatenus
914 2037 1098 2086 habere
1131 2051 1249 2099 pos·

65 2172 70 2180 Ι
126 2120 130 2124 ’
185 2114 326 2159 mut.
347 2109 485 2158 noce
510 2112 790 2169 prohibitio
813 2111 966 2158 etiam
989 2111 1042 2157 in
1066 2111 1252 2157 monia·

85 2182 102 2249 J
185 2180 324 2231 libne
344 2181 511 2230 locum
546 2182 697 2228 habet
726 2181 957 2239 (Salmat.
993 2183 1059 2236 10,
1090 2183 1134 2236 9,
1167 2182 1251 2234 55;

191 2250 310 2315 iniq,
341 2251 503 2307 suar..
536 2253 735 2304 Sanch..
769 2257 896 2311 etc).

242 2325 272 2371 7
294 2323 453 2377 OC.1.
471 2324 591 2378 2,18
613 2325 686 2372 De
709 2325 859 2370 Factis
883 2324 1052 2371 Ρνεεῠ.
1085 2325 1253 2371 Unum

183 2394 258 2450 (Ο.
284 2393 379 2442 Ua.
402 2395 523 2442 Bod.
549 2398 623 2442 eit.
658 2397 708 2442 in
740 2396 802 2441 6⁰.
828 2394 967 2442 Reiff.
998 2396 1037 2451 1,
1066 2395 1133 2450 17,
1167 2397 1254 2446 14).

183 2464 243 2514 V.
266 2480 309 2515 c.
342 2466 406 2515 ad
435 2468 789 2515 canonicatum
827 2467 876 2512 in
911 2466 1125 2515 ecclesia
1155 2466 1250 2514 col·

183 2537 375 2600 legista
392 2536 621 2597 (Navarr.
644 2538 718 2590 27,
740 2538 869 2594 som
895 2551 992 2584 non
1027 2539 1147 2584 item
1173 2551 1254 2583 ve·

183 2609 311 2665 rina,
352 2610 405 2657 in
447 2609 749 2664 cathedrali,
790 2610 979 2670 qnippe
1023 2608 1251 2656 ordinem

182 2692 388 2729 nerum
438 2680 697 2727 desiderat
750 2680 828 2733 (V.
883 2679 1018 2727 Trid.
1072 2678 1251 2733 xxw,

180 2750 240 2800 B.
267 2750 361 2812 12).
390 2750 721 2799 obtinendum
743 2752 814 2811 (S.
841 2751 989 2812 Alph.
1014 2750 1123 2804 Vn,
1146 2750 1251 2802 429,

179 2824 235 2870 et
251 2821 313 2870 E.
331 2823 392 2871 Δ.
411 2821 518 2877 XX,
536 2822 627 2880 49).
650 2822 867 2882 Quidam
891 2825 1090 2883 putant,
1124 2822 1253 2869 hanc

181 2892 613 2956 irregularitatem
660 2894 949 2955 dispensari
989 2906 1141 2955 posse
1189 2891 1252 2939 ab

182 2963 453 3027 Episcopo.
483 2965 530 3012 si
562 2969 642 3012 est
663 2964 879 3018 occulta,
902 2965 1048 3027 qnasi
1075 2978 1134 3010 ex
1170 2963 1250 3010 de·

178 3034 303 3085 licto
322 3036 487 3085 alieno
510 3037 653 3099 (quia
676 3035 897 3083 Trident.
924 3034 1104 3090 xxiv,
1130 3034 1181 3081 R.
1206 3035 1252 3088 6,

179 3118 279 3156 non
300 3106 612 3168 distinguit).
636 3106 699 3154 ad
722 3106 924 3153 ordines
958 3110 1067 3153 tum
1102 3120 1245 3151 exer·

177 3176 380 3232 eendoa,
412 3180 521 3224 tum
544 3176 924 3238 suscipiendoa;
957 3182 1007 3223 et
1027 3182 1106 3224 est
1118 3189 1245 3235 pro-

178 3249 349 3297 batae
368 3246 542 3308 Laym.
575 3247 697 3309 Cap.
720 3246 779 3301 V,
801 3248 856 3302 23
880 3249 1035 3295 valde
1050 3249 1245 3306 proba-

176 3321 277 3368 bat
310 3317 520 3368 Salmat.
559 3320 628 3372 10,
657 3320 702 3374 9,
732 3319 808 3365 53.
841 3319 939 3366 Alii
975 3319 1138 3367 solnm
1185 3319 1247 3367 ad
1296 3361 1302 3387 ,

177 3389 381 3439 ordines
393 3391 713 3445 exercendos,
730 3404 793 3437 ex
809 3390 862 3439 C.
880 3390 927 3445 9,
941 3394 971 3446 s
986 3390 1248 3438 Personae

179 3459 258 3511 De
274 3463 581 3517 manetem,-
594 3461 730 3523 quod
753 3465 941 3523 negant
959 3461 1046 3508 alii
1064 3461 1249 3518 (Euan,

176 3530 228 3580 Β.
247 3530 400 3593 Δ1ρ1ι.
420 3530 527 3584 vn,
548 3532 654 3586 431,
673 3535 809 3584 etc.):
834 3535 885 3579 et
900 3533 1110 3590 rectius,
1126 3533 1248 3593 quia

176 3600 233 3653 C.
251 3602 284 3648 9
309 3603 385 3652 De
407 3604 627 3651 Renum.
653 3602 752 3651 buc
775 3615 875 3650 non
897 3604 1130 3665 pertinet.
1159 3602 1241 3651 Ni·

176 3671 456 3722 hilominus
490 3685 722 3735 aequum,
756 3677 880 3735 puto
916 3687 1034 3722 curn
1065 3672 1241 3735 Laym.

172 3742 290 3802 Le„
320 3744 626 3807 Episcopum
661 3744 958 3807 dispensare
995 3758 1144 3808 posse
1180 3743 1245 3793 ad

1357 2037 1560 2084 ordines
1583 2037 1889 2083 exercendos
1911 2050 2040 2093 enm,
2059 2037 2147 2098 qui
2171 2035 2302 2084 bona
2322 2036 2423 2085 fide

1357 2122 1442 2155 eos
1464 2109 1714 2168 suscepit;
1735 2112 1786 2155 et
1807 2109 1851 2154 si
1875 2107 1937 2154 ad
1962 2122 2048 2155 eos
2071 2108 2423 2170 suscipiendos

1356 2179 1742 2240 dispensaverit.
1779 2185 1980 2240 propter
2012 2178 2420 2240 probabilitatem

1357 2250 1538 2311 prioris
1579 2251 1880 2301 sententiae.
1914 2264 2011 2296 non
2055 2253 2178 2296 sunt
2216 2249 2426 2311 inquie-

1357 2321 1495 2369 tandi
1515 2324 1561 2376 (5
1581 2321 1687 2377 241,
1704 2323 1795 2373 43).
1817 2319 1915 2369 Nec
1935 2322 2102 2367 obstat
2117 2320 2170 2370 C.
2198 2323 2233 2368 Ι.
2251 2322 2324 2368 De
2342 2321 2419 2380 fil.

1348 2395 1587 2453 presbyt.⁹
1608 2394 1794 2454 quippe
1817 2393 2079 2453 antiquius
2113 2391 2422 2439 Tridentino.

1415 2466 1444 2508 8
1476 2465 1652 2524 Laym.
1687 2463 1746 2516 V,
1785 2465 1822 2510 1.
1846 2463 1903 2511 V.
1936 2464 1964 2523 5
2006 2465 2108 2516 177,
2139 2463 2183 2509 5.

1412 2538 1442 2581 9
1474 2535 1525 2584 C.
1549 2538 1580 2581 5
1605 2537 1678 2583 De
1701 2535 1837 2583 Serv.
1862 2547 1966 2582 non
1995 2536 2172 2583 ordin.
2195 2534 2253 2581 V.
2278 2534 2421 2595 Sayr.

1357 2607 1465 2665 vn,
1501 2608 1599 2653 142.
1634 2607 1774 2654 Reiff.
1810 2606 1846 2660 1,
1886 2607 1951 2661 18,
1983 2608 2046 2651 17.

1418 2680 1472 2726 10
1493 2680 1545 2730 C.
1574 2693 1655 2725 nn.
1690 2680 1757 2727 De
1784 2680 1937 2736 obiso.
1962 2682 2034 2724 ad
2057 2682 2238 2725 raee'oc.
2270 2678 2415 2725 redd.

1423 2753 1465 2797 11
1508 2750 1649 2798 Reiff.
1678 2750 1715 2803 1,
1749 2751 1816 2804 19,
1846 2750 1888 2796 7.
1925 2748 2171 2796 Schmalz.
2205 2747 2241 2803 1,
2272 2747 2341 2803 19,
2374 2746 2419 2795 3.

1354 2823 1421 2871 Ut
1452 2821 1668 2884 syndici,
1702 2826 1910 2875 tutores,
1943 2821 2284 2883 redemptores
2324 2834 2412 2869 ve·

1353 2894 1639 2955 ctigalium,
1671 2898 1763 2941 etc.
1801 2893 1962 2949 (Suet.
1995 2894 2068 2948 51,
2100 2894 2146 2949 3,
2182 2894 2279 2949 19);
2318 2904 2418 2943 non

1354 2966 1475 3012 item
1510 2968 1705 3012 tutores
1740 2963 1816 3011 vel
1850 2966 2108 3011 curatores
2148 2961 2415 3012 miserabi-

1352 3035 1475 3081 lium
1523 3048 1870 3096 personarum,
1906 3034 2189 3090 viduarum,
2226 3033 2411 3096 orpha-

1352 3119 1556 3162 norum;
1589 3106 2027 3153 administratores
2060 3105 2304 3155 bonorum
2337 3118 2419 3154 ec-

1351 3176 1548 3230 clesiae,
1602 3176 1677 3223 vel
1726 3176 1999 3237 cujuslibet
2045 3176 2141 3226 loci
2184 3175 2279 3232 Pii.
2319 3180 2413 3225 etc.

1350 3246 1420 3305 (S.
1442 3246 1592 3308 Alph.
1623 3246 1709 3299 111.
1732 3248 1836 3301 838,
1866 3260 1909 3293 v.
1945 3248 2136 3306 Valde).

1414 3318 1470 3363 12
1501 3319 1555 3367 C.
1590 3332 1671 3365 un.
1708 3319 1783 3366 De
1818 3320 1970 3378 Οόἱίο.
2004 3321 2079 3368 ad
2110 3320 2293 3367 ranae.

1415 3388 1468 3434 13
1500 3388 1646 3436 Suar.
1672 3388 1750 3444 51,
1782 3389 1826 3445 3,
1859 3389 1936 3438 23.
1961 3388 2149 3437 Plrhin.
2185 3389 2221 3443 1,
2252 3390 2319 3445 19,
2341 3389 2416 3439 23.

1348 3458 1557 3507 Salmat.
1597 3460 1664 3516 10,
1697 3460 1741 3516 9,
1772 3460 1854 3508 63.

1413 3532 1464 3576 14
1498 3531 1635 3579 Gloe.
1672 3532 1723 3579 in
1755 3532 1839 3580 cit.
1873 3530 1929 3582 C.
1962 3547 2045 3580 un.
2079 3531 2135 3578 V.
2173 3532 2414 3589 Insanus»

1347 3606 1446 3649 tur.
1483 3602 1627 3650 Rem.
1661 3602 1699 3660 1,
1734 3604 1802 3657 19.
1840 3604 1906 3652 11.
1931 3604 1980 3652 8.
2004 3602 2156 3665 Aiph.
2187 3602 2272 3660 111,
2306 3602 2413 3651 838.

1412 3674 1429 3721 1
1467 3673 1521 3724 C.
1556 3675 1596 3720 2.
1634 3675 1708 3724 De
1746 3673 1874 3724 c'eer.
1907 3679 2100 3734 aeorot.
2502 3723 2507 3731 ,

1406 3746 1436 3791 2
1466 3744 1636 3796 innoc.
1658 3745 1868 3795 Palerm.
1902 3760 1979 3808 ap.
2003 3746 2158 3795 Tolet-
2190 3744 2230 3804 1.
2258 3744 2336 3801 58,
2366 3747 2412 3792 4.
