2548 4042
193 4 298 63 210

192 199 299 251 aut
331 190 639 260 negocium
669 202 976 243 onerosum
1004 189 1247 255 agatur
1277 188 1399 247 aut,
1429 185 1477 240 si
1510 181 1859 254 gratuitum,
1884 185 1933 241 is
1959 186 2060 259 qui
2090 160 2268 244 donat
2295 166 2532 274 νεῖῗέζὲ.

193 298 324 339 eain
355 280 463 335 sibi
496 275 832 333 renunciari
858 275 903 347 (l
919 274 989 345 2).
1007 273 1086 330 At
1110 290 1248 330 vero
1277 289 1518 331 necesse
1541 280 1634 330 est
1659 280 1722 330 ut
1744 281 1805 329 et
1834 276 1992 332 datio
2015 280 2116 333 tua
2138 283 2256 333 ate
2281 276 2463 345 mini,
2524 256 2542 281 ⁴

194 375 254 429 et
285 369 618 439 acceptatio
646 381 778 423 mea
806 365 960 438 (cum
993 380 1137 434 opus
1161 365 1323 435 est)a
1354 379 1444 420 me
1476 364 1578 418 tibi
1612 364 1836 420 directo
1866 367 2213 422 renunciata
2238 356 2443 424 fueriti

193 464 401 527 directo,
444 461 583 531 quia
626 458 784 512 inter
824 472 927 510 nos
967 460 1165 510 actum
1210 470 1324 508 non
1371 453 1752 522 intelligitur,
1793 455 1946 526 quod
1989 471 2099 511 uon
2147 456 2302 511 inter
2338 470 2448 512 nos

193 555 394 608 actum
456 552 563 605 est.
619 546 907 610 Quamdiu
971 546 1156 614 igitur
1216 545 1450 603 oblatio.
1515 559 1621 599 seu
1680 545 2023 614 pollicitatio
2077 562 2208 602 mea
2261 561 2298 601 a
2350 560 2445 604 me

193 642 319 704 tibi,
358 643 419 696 et
458 638 756 708 aceptatio
799 640 901 691 tua
940 652 977 691 a
1020 644 1076 691 te
1120 635 1258 689 milii
1304 636 1493 688 directo
1536 650 1645 688 non
1695 635 2037 700 innotuerit,
2068 637 2305 707 utrique
2346 651 2447 692 uo-

193 734 379 787 strnm
403 730 702 798 integrum
729 732 817 781 est
849 727 1214 781 voluntatem
1247 727 1604 789 retractare;
1630 740 1819 795 eaque
1844 728 2168 782 retractata
2201 725 2446 797 perinde

194 821 324 883 erit,
354 835 423 874 ac
452 819 497 873 si
533 818 675 872 nibil
711 818 866 871 inter
896 831 999 870 nos
1041 819 1241 871 actum
1285 821 1444 869 esset
1473 813 1611 885 (13).
1655 815 1988 885 Idemjuris
2029 822 2121 872 est
2162 817 2210 872 si
2254 816 2447 873 medio

193 917 455 979 tempore
498 924 592 963 res
633 907 704 962 ad
751 922 882 961 eum
929 922 1129 961 casum
1173 906 1507 970 devenerit,
1547 921 1583 959 a
1626 920 1741 975 quo
1790 906 2023 961 initium
2068 907 2286 963 habere
2328 921 2447 963 uon

194 999 483 1071 potuisset
522 996 654 1070 (14).
689 997 1081 1051 Nihilominus
1110 996 1437 1050 communis
1467 996 1806 1050 Nostrorum
1841 997 2141 1051 sententia
2176 999 2283 1058 est,
2313 1012 2448 1066 gra·

194 1090 338 1145 tiam
394 1088 573 1143 etiam
621 1095 748 1157 post
787 1092 1033 1141 mortem
1088 1086 1471 1141 concedentis
1518 1086 1815 1157 acceptari
1874 1102 2042 1156 posse
2090 1088 2373 1158 quamdiu
2409 1102 2448 1144 a

193 1193 531 1235 successore
562 1178 691 1248 ejus
720 1193 833 1231 non
866 1176 1041 1232 fuerit
1083 1180 1390 1240 revocata;
1426 1178 1556 1239 rati,
1587 1193 1717 1231 cum
1761 1177 1837 1231 sit
1865 1177 2100 1232 donatio
2140 1178 2446 1248 quaedam,

195 1268 667 1337 acceptationem
711 1267 889 1322 etiam
935 1259 1059 1336 post
1102 1272 1345 1322 mortem
1389 1267 1663 1321 donantis
1706 1268 1911 1322 utilem
1957 1285 2085 1323 esse
2116 1267 2251 1342 (15).

269 1359 395 1413 224.
440 1358 597 1412 Haec
647 1357 1014 1425 generatim:
1062 1373 1216 1411 nunc
1267 1356 1573 1412 videamus
1637 1366 1835 1412 utrum
1878 1373 1971 1414 res
2023 1362 2245 1428 agatur
2287 1359 2446 1415 inter

195 1450 556 1519 praesenteS,
599 1462 673 1500 an
721 1446 876 1501 inter
915 1448 1212 1501 absentes.
1245 1446 1299 1501 Si
1348 1448 1503 1501 inter
1546 1452 1890 1517 praesentes
1931 1449 2076 1503 nihil
2117 1453 2315 1504 actum
2358 1450 2444 1504 in·

195 1537 490 1606 telligitur
519 1536 709 1607 quoad
742 1535 1085 1605 pollicitatio
1126 1540 1230 1590 tua
1270 1552 1445 1591 aures
1490 1553 1666 1600 meas,
1698 1541 1757 1593 et
1786 1539 2115 1608 acceptatio
2151 1554 2282 1594 mea
2309 1542 2445 1596 tuas

192 1642 370 1683 aures
391 1622 867 1697 pulsaverit(16).
887 1626 972 1679 Ad
999 1627 1145 1700 haec
1170 1641 1414 1681 necesse
1440 1630 1531 1682 est
1556 1630 1620 1681 ut
1638 1643 1751 1697 ego
1772 1628 2028 1683 oblatam
2050 1645 2083 1684 a
2106 1629 2168 1683 te
2189 1628 2447 1698 gratiam

261 1791 306 1834 ll
339 1790 477 1835 Less.
508 1788 568 1842 11,
605 1790 671 1842 18,
695 1789 766 1835 43.
790 1787 931 1847 Lngo
950 1802 995 1833 n.
1023 1788 1096 1832 29.

268 1863 319 1906 12
351 1863 427 1907 Ex
454 1861 508 1907 L.
536 1861 597 1905 25
620 1862 694 1908 De
715 1863 865 1906 milit.
891 1864 1092 1906 testam.
1116 1860 1169 1907 C.
1199 1859 1267 1914 12,

200 1940 231 1990 ἓ
270 1936 286 1979 1
319 1934 395 1980 De
416 1934 663 1991 appellat.
689 1932 830 1977 Less.
852 1930 912 1979 11.
944 1932 1010 1982 18,
1038 1931 1107 1975 42.
1136 1930 1268 1976 Moli.

199 2006 287 2053 To.
320 2005 364 2061 2,
398 2005 454 2050 D.
489 2005 591 2057 264,
616 2005 656 2049 3.
681 2003 864 2062 Sancb.
888 2003 949 2047 Μ.
979 2002 1018 2056 Ι,
1041 2003 1084 2054 6,
1106 2003 1155 2055 3;
1183 2001 1269 2055 111,

195 2078 273 2131 36,
305 2078 348 2123 7.
382 2076 524 2136 Lugo
559 2078 630 2123 De
661 2076 791 2121 Just.
826 2074 898 2129 23,
928 2075 1008 2127 70;
1045 2073 1093 2120 S.
1118 2073 1270 2133 Alph.

195 2147 283 2204 111,
313 2147 420 2193 728.

267 2219 320 2263 13
337 2219 412 2263 Ex
434 2219 486 2266 O.
500 2221 541 2262 7.
558 2219 633 2263 De
648 2219 918 2262 Procurat.
936 2217 985 2262 in
1005 2217 1068 2261 6⁰.
1086 2216 1267 2262 Sanch.

198 2291 266 2335 M.
281 2290 321 2344 1,
335 2290 377 2340 6.
391 2289 619 2346 24.Lugo
638 2288 706 2333 De
723 2289 853 2333 Just.
873 2287 946 2341 22,
964 2288 1033 2333 27.
1053 2286 1100 2333 S.
1119 2286 1267 2346 Alph.

196 2361 224 2406 l.
253 2376 291 2408 c.
317 2361 374 2408 V.
397 2359 543 2406 Zach.
569 2364 598 2415 g
630 2360 730 2404 343.
755 2358 1091 2416 Quamobrem
1116 2359 1159 2403 si
1188 2372 1272 2418 pe-

196 2433 340 2477 tieris
386 2432 447 2477 ab
480 2431 749 2479 Ordinario
790 2429 1100 2482 facultatem,
1135 2443 1180 2475 v.
1214 2443 1268 2484 c.,

197 2500 491 2548 absolvendi
517 2515 543 2545 a
567 2503 852 2554 reservatis,
882 2503 1028 2561 isque
1062 2502 1271 2547 fortuito

196 2585 427 2618 sermone
451 2571 638 2616 dixerit
659 2573 791 2625 Osio,
816 2586 868 2617 se
904 2585 1011 2616 eam
1039 2571 1129 2617 tibi
1157 2585 1265 2617 con-

196 2643 388 2698 cedere,
429 2642 506 2688 vel
550 2643 882 2695 concessisse;
927 2642 1077 2702 idque
1117 2642 1270 2691 Osius

195 2715 288 2762 tibi
307 2714 692 2767 renunciaverit,
714 2714 936 2758 nondum
959 2714 1093 2759 valet
1112 2713 1271 2770 (Alas.

198 2785 379 2832 Sanch.
414 2785 447 2831 l.
478 2799 519 2831 c.
553 2784 801 2831 Schmalz.
835 2785 917 2837 IV,
942 2786 982 2837 3,
1011 2785 1134 2839 205).
1170 2784 1270 2830 Nec

198 2864 347 2903 antea
381 2870 458 2902 res
491 2857 718 2903 confecta
765 2856 1072 2915 intelligitur
1117 2869 1270 2915 quam

199 2929 441 2988 epistolae
476 2927 567 2974 tibi
602 2927 827 2973 redditae
854 2927 1057 2980 fuerint,
1088 2939 1271 2985 easque

198 2998 397 3057 legeris.

271 3070 321 3112 14
347 3069 485 3114 Bald.
512 3071 559 3114 in
585 3069 639 3115 L.
666 3071 693 3115 3
718 3071 899 3116 Μαηά.
923 3068 1114 3115 Pothie.
1146 3070 1271 3116 Ven-

204 3143 317 3185 dila
342 3154 387 3184 n.
413 3142 483 3184 32.
509 3140 575 3185 Ut-
607 3145 732 3200 puta
766 3142 808 3186 si
832 3140 1091 3200 sponsalia
1121 3153 1272 3199 agan·

201 3204 291 3255 tur'
321 3224 406 3268 per
439 3210 628 3262 literas,
664 3216 726 3265 et,
752 3211 855 3258 illis
880 3211 1103 3256 nondum
1139 3211 1272 3257 ultro

201 3281 427 3339 citroque
473 3282 720 3338 perfectis,
766 3284 842 3327 vir
890 3281 1156 3328 eunuchus
1204 3283 1273 3327 sit

207 3351 391 3402 factus,
425 3352 503 3395 vel
538 3354 821 3411 susceperit
854 3366 1025 3398 sacros
1052 3352 1271 3406 ordines,

207 3426 298 3467 aut
331 3421 513 3466 mulier
546 3425 779 3480 nupserit
812 3423 914 3477 alii,
949 3423 1027 3469 vel
1061 3427 1270 3470 mortem

205 3492 401 3539 obierit.

272 3564 324 3607 15
343 3563 482 3608 Less.
506 3561 567 3615 11,
596 3564 664 3615 18,
685 3565 763 3617 453
785 3563 965 3610 Sanch.
983 3565 1047 3611 M.
1067 3566 1102 3619 I,
1119 3564 1196 3618 Vl,
1220 3564 1269 3619 53

203 3635 347 3694 Lugo
365 3635 438 3689 23,
460 3636 534 3680 76.
555 3635 663 3681 Nisi
690 3635 811 3681 forte
837 3638 993 3696 ajunt,
1019 3637 1105 3683 alii
1131 3651 1268 3683 man-

203 3705 400 3752 daverit
429 3707 649 3766 gratiam
684 3706 951 3753 concedere
986 3709 1082 3764 <Ex
1111 3708 1164 3753 L.
1205 3709 1270 3761 19,
1323 3737 1326 3742 -

1372 1794 1401 1844 ἓ
1439 1792 1493 1835 Si·
1524 1792 1639 1848 quis
1663 1791 1703 1835 3.
1730 1791 1803 1837 De
1829 1792 2099 1837 Donation.
2127 1789 2266 1837 Less.
2292 1803 2340 1837 n.
2372 1789 2447 1838 46.

1372 1861 1514 1920 Lugo
1549 1875 1595 1907 n.
1630 1863 1726 1917 78),
1767 1863 1890 1922 quia
1934 1862 2230 1909 mandatum
2286 1865 2447 1911 morte

1375 1932 1566 1978 finitur.
1589 1930 1801 1978 Proinde
1834 1932 1968 1978 idem
2006 1931 2278 1986 dicendum
2311 1938 2450 1981 esset

1372 2003 1526 2048 etiam
1558 2002 1779 2048 resoluto
1813 2017 2015 2064 quoquo
2039 2003 2138 2050 alio
2161 2004 2307 2051 modo
2332 2004 2448 2066 jure

1372 2074 1709 2120 concedentis.
1752 2075 1998 2120 Nitunt-ur
2036 2078 2080 2119 1⁰
2116 2074 2170 2121 L.
2203 2077 2246 2121 6.
2285 2076 2341 2126 C.
2374 2077 2450 2126 De

1374 2146 1672 2196 Donucam..
1696 2158 1823 2205 quae
1850 2146 1911 2191 ad
1948 2159 2051 2191 rem
2077 2160 2173 2192 non
2201 2148 2444 2207 pertinen

1371 2229 1487 2260 nam
1524 2216 1575 2261 id
1611 2230 1768 2261 unum
1808 2220 1952 2262 cavet
1997 2216 2294 2264 donationes
2341 2217 2448 2265 fieri

1372 2300 1521 2347 posse
1556 2288 1707 2333 etiam
1743 2288 1876 2333 inter
1908 2287 2156 2334 absentes.
2184 2289 2235 2334 2⁰
2267 2287 2449 2336 Nitun-

1373 2361 1458 2403 tur
1495 2362 1546 2404 et
1585 2372 1643 2404 ea
1681 2358 1883 2405 fictione
1913 2359 2062 2420 juria,
2097 2372 2197 2420 qua
2230 2373 2448 2420 persona
2534 2422 2540 2426 ι

1373 2429 1598 2475 defuncti
1633 2433 1684 2475 et
1717 2430 1919 2476 heredis
1952 2444 2055 2476 una
2087 2444 2200 2477 esse
2233 2431 2445 2488 dicitur;

1373 2501 1460 2546 sed
1497 2513 1658 2560 neque
1687 2501 1797 2556 hoc,
1833 2501 1956 2548 bene
1990 2501 2066 2556 (V.
2091 2506 2119 2557 ς
2139 2502 2211 2556 24,
2234 2503 2300 2559 8),
2327 2503 2449 2562 quia

1375 2572 1435 2616 ad
1462 2572 1579 2631 jura
1604 2576 1653 2617 et
1676 2571 2011 2632 obligationes
2037 2573 2274 2632 pertinet,
2304 2573 2447 2621 nulla
2526 2619 2531 2626 ,

1374 2646 1544 2688 autem
1569 2642 1792 2688 defuncti
1818 2642 2060 2702 obligatio
2087 2657 2149 2688 ex
2173 2643 2448 2692 donatione

1374 2713 1596 2758 nondum
1634 2713 1878 2772 perfecta;
1914 2717 2067 2760 immo
2103 2727 2193 2760 nec
2228 2728 2287 2759 ex
2321 2728 2438 2775 per-

1372 2784 1515 2836 fecta,
1535 2785 1578 2828 ei
1605 2784 1689 2843 qui
1715 2784 1764 2828 in
1787 2783 2038 2843 dignitate
2062 2785 2306 2839 succedit,
2325 2785 2447 2845 quia

1373 2868 1463 2900 nec
1497 2854 1642 2900 heres
1677 2855 1775 2899 dici
1811 2859 1979 2915 potest
2011 2859 2058 2911 (ἓ
2080 2856 2155 2910 46,
2178 2855 2284 2913 25);
2318 2856 2445 2903 alias

1374 2925 1436 2971 ab
1470 2939 1542 2979 eo,
1565 2926 1652 2984 qui
1687 2926 1980 2971 concedenti
2015 2926 2247 2973 succedit
2279 2927 2330 2972 in
2365 2927 2444 2972 di-

1373 2997 1587 3054 gnitate,
1606 2996 1829 3042 revocari
1850 3010 1945 3042 non
1966 2997 2222 3057 posset.1n
2241 3011 2445 3045 summa

1372 3066 1497 3112 haec
1527 3067 1794 3120 sententia,
1834 3067 1969 3126 quod
2005 3067 2067 3112 ad
2101 3067 2443 3124 donationem,

1374 3138 1639 3199 nullojure
1657 3140 1853 3184 nititur.
1874 3137 2232 3194 Nihilominus,
2250 3139 2445 3199 quiaex

1375 3223 1475 3256 una
1507 3214 1648 3269 parte
1672 3210 1939 3269 privilegia
1963 3213 2014 3254 et
2037 3209 2445 3266 dispensationes

1374 3295 1472 3327 non
1498 3281 1795 3326 donationes
1819 3284 1955 3334 sunt,
1975 3280 2065 3326 sed
2084 3277 2442 3326 donationibus

1375 3352 1641 3408 accedunt;
1677 3365 1737 3397 ex
1773 3351 1929 3397 altera
1954 3351 2074 3412 qnia
2097 3350 2393 3410 dignitateS,
2417 3362 2447 3395 a

1374 3423 1559 3484 quibus
1581 3423 1927 3468 conceduntur
1945 3421 2193 3467 accedunt
2209 3420 2442 3482 personis

1374 3493 1664 3547 moralibus,
1687 3506 1815 3552 quae
1848 3496 2119 3552 perpetuae
2151 3495 2290 3545 sunt,
2319 3491 2445 3538 haec

1373 3565 1627 3611 sententia
1668 3568 1779 3609 tuto
1822 3565 1966 3623 sequi
2007 3564 2210 3624 poterit,
2240 3561 2444 3610 etiamsi

1323 3617 1326 3704 Ι
1366 3638 1480 3696 Jure
1515 3637 1693 3681 stricto
1728 3634 2039 3680 deficiamur.

1440 3707 1631 3764 16Ex§
1660 3707 1695 3750 1.
1719 3709 1791 3753 De
1819 3707 1866 3752 V.
1896 3705 1945 3750 Ο.
1967 3702 2147 3751 Sanch.
2166 3702 2228 3750 M.
2246 3701 2283 3759 I,
2303 3702 2347 3758 6,
2374 3702 2444 3768 12ὀ
