2548 4042
1240 0 1410 20 ιιι-νε·
1451 0 1607 26 vav-vn
1635 0 1834 31 ww
1838 0 1958 39 -ῠιζ
1956 2 1960 12 ¹
1988 7 1989 10 ¹

2206 35 2209 37 ·
2242 22 2263 46 ¹⁴.
2288 23 2380 59 *4⁸

178 74 510 132 personam,
553 71 762 127 nempe
802 56 947 112 falso
986 62 1201 128 putans
1228 72 1359 116 eam
1401 74 1527 117 rem
1556 45 1644 132 (v.
1673 68 1724 118 c.
1749 47 1929 123 aedes
1954 55 2289 138 quaein',
2305 79 2521 160 auus

178 163 327 211 esse,
359 163 412 200 v.
443 161 512 208 c..
544 143 893 216 Sempronii,
935 162 1068 203 cum
1096 147 1215 203 sint
1243 148 1472 204 Audisii
1500 148 1633 222 (34).
1661 154 1740 207 At
1767 153 1817 209 is
1849 155 1949 226 qui
1988 169 2114 213 rem
2154 146 2400 233 surripi
2423 166 2534 229 μή*

177 255 352 311 quarn
378 238 520 292 falso
543 241 712 306 putat
735 252 922 292 meam
946 252 1094 300 esse,
1121 238 1221 292 vix
1245 254 1469 310 poenae
1493 241 1788 308 eximitur,
1810 247 1917 299 aut
1939 260 2013 300 ne
2036 245 2137 301 vix
2157 232 2486 319 quidem,
2510 229 2539 265 ss

178 330 317 400 quia
365 327 747 383 accidentalis
788 331 850 382 et
903 328 1302 383 concomitans
1355 330 1451 383 liic
1503 346 1663 386 error
1711 334 1800 387 est
1840 332 1972 406 (35).
2014 335 2103 391 Ad
2143 337 2432 396 ultimum

179 427 430 489 utraque
459 417 614 472 actio
640 415 896 485 (interna
922 419 984 471 et
1013 418 1278 487 externa)
1309 418 1482 482 mala,
1510 422 1615 474 aut
1643 421 1818 486 noxia
1835 439 1936 495 per
1961 440 2016 478 se
2055 426 2131 480 sit
2158 428 2430 497 oportet3

179 509 386 579 itaque
414 508 461 562 si
492 509 742 561 externa
771 506 845 559 sit
876 506 1029 560 mala
1057 523 1129 561 ex
1169 507 1290 561 sola
1321 507 1648 564 intentione
1680 509 1969 578 sacientiS,
2001 513 2140 584 Quia
2167 512 2419 574 intentio

180 616 311 655 eam
354 614 465 652 non
511 600 697 652 mutat
729 599 781 667 (g
815 599 934 661 154,
972 600 1074 668 18),
1107 614 1218 652 non
1250 598 1367 652 erit
1398 600 1599 669 poeuis
1627 602 1876 658 obnoxia
1906 602 2042 677 (36).

1005 810 1153 861 ART.
1187 807 1252 860 II.
1284 809 1361 861 De
1389 809 1595 862 Poeni&

253 958 380 1014 300.
417 956 615 1012 Poena
658 958 714 1011 in
749 956 887 1026 jure
928 955 1095 1009 modo
1138 972 1302 1009 nomae
1350 959 1579 1011 vindicta
1626 957 1703 1029 (1)
1745 961 2094 1030 appellatur,
2137 964 2303 1022 modo
2341 966 2426 1021 ae·-

182 1053 424 1106 lictorum
458 1047 764 1116 οοσνοιιιο(2
767 1047 799 1119 ).
844 1049 914 1101 Et
945 1063 1055 1100 non
1100 1046 1158 1101 in
1200 1047 1325 1100 sola
1354 1048 1747 1117 castigatione
1790 1053 2046 1122 corporis
2089 1055 2275 1124 posita
2314 1060 2424 1122 est

179 1141 282 1196 sed
324 1140 503 1195 etiam
548 1138 606 1192 iu
646 1137 1036 1206 ademptione,
1066 1151 1172 1190 seu
1203 1136 1603 1193 deminutione
1651 1146 1845 1206 statue,
1880 1144 2152 1210 libertam,
2179 1147 2427 1201 bonorem

177 1246 330 1299 quae
360 1229 418 1283 in
460 1227 813 1298 patrimonio
845 1231 1038 1280 nostr-o
1066 1227 1223 1288 sunt,
1252 1226 1453 1280 delicti
1498 1227 1730 1284 nomine
1768 1230 2044 1300 irrogatis
2075 1231 2168 1306 (3).
2209 1235 2427 1301 Noxae‚

178 1319 397 1375 delicta
455 1317 718 1371 ordinem
781 1316 1131 1384 perturbant
1192 1317 1381 1384 quoad
1437 1316 1633 1380 Deum,
1683 1321 1744 1372 et
1805 1322 1996 1390 quoad
2054 1322 2427 1391 societatem;

178 1408 381 1481 poenis
408 1407 545 1462 ordo
586 1406 1047 1473 redintegratur,
1078 1407 1138 1458 et
1167 1403 1331 1458 velut
1373 1404 1432 1458 in
1477 1405 1789 1474 pristinum
1818 1409 2177 1477 restituitur;
2207 1415 2270 1468 et
2310 1429 2429 1486 qua

178 1501 253 1557 ad
295 1502 450 1553 illum
494 1495 1021 1564 redintegrandum
1063 1493 1363 1563 pertinent
1406 1494 1804 1552 vindicativae
1833 1503 1987 1560 sunt.
2017 1515 2134 1570 qua
2171 1501 2247 1557 ad
2285 1503 2427 1558 Ῑιιιιιο

178 1671 249 1717 rit
271 1681 532 1723 excomm„
563 1667 750 1726 qnippe
784 1677 1027 1725 personae
1058 1662 1251 1716 morali,

176 1740 278 1787 nisi
302 1753 390 1800 per
427 1737 738 1797 singularem
762 1748 1045 1796 personam,
1067 1748 1167 1780 non
1198 1734 1256 1779 flt

179 1811 369 1872 inJ'uria
403 1809 564 1862 (Suar.
599 1822 646 1853 n.
685 1807 777 1863 54).
816 1810 884 1852 At
921 1819 1036 1852 vero
1074 1807 1119 1852 si
1154 1820 1253 1852 non

178 1882 448 1941 ignoravit,
471 1894 524 1926 se
549 1880 727 1940 Cajum
746 1881 1022 1938 percutere,
1038 1891 1135 1923 non
1160 1890 1249 1922 ex-

178 1956 394 1999 cusatur
412 1953 455 1998 si
472 1950 703 2002 nescivit,
723 1963 766 1994 v.
780 1962 962 2003 c.,eum
981 1949 1150 1994 fratris
1170 1949 1251 1993 sui

181 2022 345 2069 filium
378 2035 504 2074 esse,
527 2035 625 2067 non
661 2033 998 2080 percussurus
1034 2019 1252 2078 profecto

178 2095 222 2139 si
258 2095 467 2149 scisset;
498 2092 622 2153 qnia
655 2104 791 2136 error
813 2104 913 2136 non
947 2091 997 2135 in
1020 2090 1253 2135 substan-

184 2167 311 2210 tiam
344 2164 482 2211 cadit
505 2163 581 2220 (V.
604 2163 747 2222 Lugo
771 2177 817 2207 n.
836 2164 926 2215 75).
964 2161 1251 2221 Idemjuris

180 2239 258 2281 est
311 2237 356 2281 si
410 2236 719 2295 percusserit
769 2232 949 2281 Osium
997 2233 1253 2296 clericum,

181 2306 536 2365 Sempronium
565 2305 804 2351 clericum
840 2307 1042 2363 putans,
1075 2304 1118 2349 si
1153 2317 1252 2348 non

181 2378 327 2437 quasi
381 2376 734 2436 Sempronium
785 2375 1110 2434 percusserit,
1162 2374 1251 2419 sed

180 2449 328 2508 quasi
353 2448 611 2498 clericum;
638 2460 754 2492 nam
779 2461 836 2492 eo
855 2447 1023 2492 animo
1046 2450 1167 2500 erat,
1194 2448 1253 2491 ut

180 2531 551 2578 quemcumque
586 2518 822 2564 clericum
857 2517 1098 2564 caederet.

238 2589 297 2633 34
320 2589 463 2647 Lugo
484 2590 555 2635 De
569 2591 697 2635 Just.
727 2589 882 2642 17,75.
910 2588 958 2633 S.
983 2587 1134 2647 Alph.
1158 2588 1188 2633 1.
1208 2601 1250 2634 c.

237 2660 297 2704 35
328 2659 472 2718 Lugo
510 2673 558 2705 n.
591 2660 667 2705 77.
701 2658 799 2703 Vix
844 2660 978 2703 enim
1037 2660 1251 2703 interest

177 2731 383 2785 furium,
417 2731 564 2790 cujus
597 2731 701 2776 sint
737 2743 815 2774 res
854 2742 983 2788 quas
1016 2728 1250 2774 furantur

179 2801 383 2859 (Sanch.
408 2801 467 2849 D.
483 2801 541 2856 11,
561 2803 634 2847 23.
652 2801 861 2860 S.A1p11.
882 2799 913 2846 l.
931 2813 988 2854 c.,
1006 2813 1052 2845 v.
1072 2802 1250 2856 Idem).

238 2872 389 2919 Porro
413 2875 536 2920 haec
561 2872 623 2919 ad
648 2885 764 2918 eum
788 2871 1046 2931 pertinent
1066 2871 1153 2929 qui
1174 2883 1249 2916 er-

178 2957 313 2990 rans
343 2944 475 2997 fecit,
510 2958 626 2990 nam
667 2945 710 2989 si
748 2943 865 2989 fecit
896 2946 1153 2999 ianm-ans,
1188 2943 1251 2998 si,

180 3028 227 3061 v.
243 3029 299 3068 c.,
319 3016 556 3061 clericum
576 3015 756 3068 caedit,
772 3040 793 3049 -
813 3014 1018 3059 domum
1034 3012 1247 3060 alienam

179 3085 406 3131 incendit
440 3088 620 3139 ,sciens
654 3085 843 3139 volens,
878 3085 1109 3130 nesciens
1132 3084 1248 3143 quis

177 3157 285 3210 ille,
305 3157 381 3200 vel
407 3158 552 3217 cujus
575 3161 701 3204 haec
724 3158 809 3211 sit,
834 3157 913 3202 hic
941 3157 1247 3215 cuicumque

177 3226 373 3278 clerico,
419 3230 718 3288 cuicumque
761 3229 964 3274 domino
1011 3228 1123 3274 vult
1165 3229 1241 3273 fa-

176 3310 288 3343 cere
322 3298 559 3357 injuriam
594 3299 664 3347 (L.
697 3299 761 3352 18,
784 3303 812 3351 5
835 3299 890 3343 Se·
922 3301 1143 3356 injuria,
1175 3299 1248 3344 De

175 3370 381 3425 Jnjur.).
412 3367 511 3413 Nec
545 3373 757 3415 excusat
788 3370 923 3429 quod
957 3370 1124 3416 sciens
1148 3382 1246 3415 non

177 3438 388 3485 fecisset
422 3443 471 3493 (ἓ
498 3439 594 3490 136,
618 3440 705 3491 27).

237 3510 296 3554 36
328 3509 471 3566 Sayr.
504 3508 613 3555 Lib.
637 3509 719 3561 Vl,
748 3511 815 3564 17,
846 3511 915 3557 12.
946 3510 1014 3555 Ut
1037 3513 1179 3570 puta,
1202 3510 1246 3555 si

187 3581 303 3639 quis
356 3580 553 3626 occidat
598 3581 848 3639 injustum
903 3594 1247 3640 aggressorem

186 3651 317 3696 alias
339 3655 554 3696 mortem
574 3651 735 3695 vitare
759 3664 857 3696 non
874 3652 1075 3706 valens,
1096 3652 1250 3697 etiam

1360 1663 1528 1710 animo
1560 1664 1794 1726 injuriae,
1835 1667 1964 1714 alias
2009 1671 2258 1730 acceptae,
2290 1670 2423 1718 ulci-

1358 1733 1572 1780 scendae
1597 1736 1768 1790 (Salm.
1800 1737 1867 1791 10,
1894 1740 1937 1794 8,
1967 1739 2067 1797 45);
2099 1743 2151 1785 et
2174 1739 2294 1787 licet
2320 1741 2429 1788 ani-

1359 1818 1474 1851 mus
1506 1806 1801 1869 hujusmodi
1833 1811 2059 1856 exterius
2092 1823 2192 1858 non
2224 1809 2399 1860 lateat.

1426 1878 1441 1920 1
1478 1876 1538 1923 L.
1577 1878 1677 1924 131.
1700 1879 1776 1927 De
1808 1881 1855 1925 V.
1881 1879 1931 1927 S.

1417 1948 1446 1991 2
1471 1947 1524 1992 L.
1553 1948 1567 1993 l
1597 1949 1672 1995 De
1694 1950 1865 2007 Leyib.
1894 1976 1914 1985 -
1943 1953 2272 2010 Delie-torum,
2294 1964 2430 2011 quae

1356 2024 1548 2076 sponte,
1584 2022 1662 2066 vel
1692 2023 1992 2078 imam-antia
2024 2025 2421 2082 contrahunmr,

1358 2091 1431 2135 ait
1461 2091 1507 2136 J.
1539 2092 1591 2138 C.
1616 2090 1647 2138 1.
1674 2104 1738 2138 c.:
1774 2092 1961 2152 Nempe
1995 2095 2048 2139 in
2082 2093 2186 2140 foro
2219 2098 2428 2142 externo

1357 2160 1509 2220 culpa
1539 2173 1737 2220 quoque
1761 2163 1927 2209 civilis
1951 2167 2227 2211 coercetur:
2262 2167 2314 2211 et
2345 2165 2425 2212 in·-

1356 2231 1560 2277 terdum
1579 2233 1733 2278 etiam
1757 2247 1817 2279 ea
1839 2247 1967 2294 quae
1992 2238 2166 2281 carent
2197 2235 2363 2296 culpa,
2384 2235 2431 2283 si

1358 2301 1527 2348 subsit
1564 2315 1745 2348 causa:
1790 2303 1907 2349 inde
1950 2318 2052 2364 reg.
2090 2305 2224 2366 Juris
2270 2305 2432 2355 Cano-

1356 2373 1506 2418 nici-
1534 2374 1654 2420 Sine
1684 2376 1862 2431 culpa,
1893 2379 1997 2421 nisi
2041 2378 2205 2422 subsit
2243 2388 2432 2432 causa,

1355 2455 1502 2489 nemo
1546 2450 1616 2491 esc
1657 2449 1960 2502 puniendus
1997 2446 2068 2503 (C.
2100 2447 2157 2492 23
2193 2448 2269 2494 De
2299 2449 2357 2496 R.
2385 2449 2429 2493 J.

1354 2516 1406 2560 in
1425 2517 1522 2572 6⁰):
1547 2530 1720 2562 verum
1744 2519 1852 2564 heic
1873 2531 1973 2564 non
1995 2531 2157 2578 poena
2179 2521 2429 2573 versatur,

1355 2587 1445 2632 sed
1479 2601 1614 2633 mera
1642 2587 1867 2634 beneficii
1891 2588 2108 2649 alicujus
2132 2588 2423 2649 denegatio:

1355 2661 1412 2701 ut
1432 2671 1543 2703 ecce
1561 2671 1675 2703 cum
1697 2658 1787 2704 fllii
1807 2658 2175 2706 haereticorum
2191 2664 2432 2707 arcentur

1354 2727 1530 2773 officiis
1547 2729 2033 2788 ecclesiasticis(CC.
2047 2730 2130 2784 2,9
2143 2732 2425 2779 DeHaeret.

1354 2799 1406 2843 in
1437 2799 1533 2855 6⁰›;
1578 2799 1653 2844 vel
1698 2799 1841 2846 irrita
1887 2801 2178 2847 declaratur
2223 2800 2429 2853 collatio

1355 2868 1597 2923 beneficii,
1613 2870 1748 2929 quod
1769 2871 1885 2930 quis
1906 2871 2030 2917 mihi
2043 2885 2131 2931 per
2142 2872 2428 2928 simoniam,

1355 2953 1433 2984 me
1482 2940 1764 2998 ignorante,
1817 2940 2099 2988 obtinuerit
2147 2942 2221 3001 (C.
2262 2942 2320 2986 27
2358 2945 2431 2990 De

1362 3011 1586 3065 Simon).

1416 3081 1443 3123 3
1463 3080 1656 3135 Statuit,
1677 3082 1818 3128 velut
1840 3083 2129 3130 interdictio
2154 3098 2183 3130 a
2205 3083 2428 3144 publicis

1353 3152 1544 3206 officiis,
1580 3153 1657 3199 vel
1691 3154 2136 3201 administratione
2182 3154 2429 3202 bonorum

1354 3228 1400 3282 (5
1428 3226 1527 3278 120,
1563 3225 1648 3283 13),
1671 3225 1879 3271 infamia
1904 3229 1950 3280 (ἓ
1981 3226 2114 3285 121),
2135 3230 2230 3273 etc.
2250 3227 2425 3274 Liber·
2447 3219 2451 3222 ’

1353 3300 1492 3351 tatis,
1527 3300 1586 3341 ut
1618 3300 1762 3355 puta,
1795 3309 1911 3342 cum
1946 3298 2061 3356 quis
2094 3297 2147 3342 in
2177 3308 2428 3343 carcerem

1354 3366 1660 3421 detruditur,
1702 3366 1781 3412 vel
1829 3367 1882 3412 in
1928 3367 2142 3413 exilium
2190 3366 2427 3413 mittitur.

1354 3440 1638 3492 Bonorum,
1695 3437 1839 3484 velut
1901 3451 2073 3483 eorum
2135 3435 2431 3497 publicatio,

1353 3508 1563 3563 mulcta,
1607 3508 1871 3554 restitutio
1910 3507 2081 3554 damni
2129 3520 2191 3552 ex
2232 3506 2429 3568 injusta

1354 3581 1655 3636 acceptione,
1688 3582 1814 3638 puta
1845 3579 1888 3624 si
1917 3578 2034 3638 quis
2062 3578 2255 3624 alienae
2275 3577 2427 3624 aedes

1353 3649 1634 3696 incenderit
1645 3649 1741 3708 (Ex
1756 3649 1809 3694 L.
1822 3650 1866 3704 3,
1877 3651 1905 3708 ἓ
1922 3651 2088 3696 Hanc.
2106 3649 2161 3694 Si
2170 3651 2429 3705 mensem).
