2548 4042
151 13 260 71 ‘214
577 29 703 68 rAns
738 27 936 68 rain·
961 21 1379 74 mammonam
1396 13 1575 68 mser.
1582 0 1821 73 ufir&
2262 86 2267 89 Α

122 111 597 185 ..strictivamffl
627 112 727 167 sed
757 110 1178 167 declarativam
1200 107 1431 167 tantum
1450 106 1551 181 (9)
1581 109 1828 191 scilicet.
1853 97 2232 184 privileg-la
2260 94 2358 135 ‘²

143 205 243 270 jus
291 204 486 260 latam
529 201 744 270 quippe
788 200 878 255 liis
918 201 1198 270 Princeps
1245 199 1349 256 dat
1387 199 1540 270 quod
1581 215 1751 256 suum
1802 204 1910 266 est.
1952 201 2094 273 quin
2135 173 2503 315 aliquem&

157 292 354 347 laedat
384 292 527 360 (10);
567 297 748 344 contra
778 290 877 356 jez-s
916 289 1198 353 strictam,
1241 289 1380 359 quia
1423 290 1617 359 Iegem
1658 290 1976 344 vulnerant
2004 289 2141 361 (11).
2182 269 2431 387 Nihilo-s
2433 270 2526 367 ''s''

158 382 350 434 minus
395 383 539 433 liaeo
580 394 811 449 quoque
854 379 1032 432 latam
1077 378 1625 447 interpretationem
1655 379 2012 443 desiderant,
2041 380 2088 434 si
2126 378 2176 435 1⁰
2207 391 2398 449 reipub

159 470 365 531 bliimae
396 470 486 523 vel
533 469 679 523 Reli
666 468 861 535 ¹»ionis
905 467 1180 522 intersint
1207 467 1350 536 (12);
1387 467 1478 523 vel
1522 469 1584 522 2ο
1613 483 1894 523 concessa
1935 469 2053 526 sint
2092 475 2232 523 motu
2269 482 2406 539 pro-
2458 460 2519 527 «25

152 561 267 628 prio
293 559 437 629 (13);
466 559 558 613 vel
589 558 821 612 demum
849 557 911 612 3⁰
932 557 977 612 si
1010 558 1158 612 alias
1188 557 1378 612 forent
1409 556 1644 612 inutilia
1670 555 1800 630 (14).
1832 557 1913 612 Ea
1934 558 2058 613 sola
2089 554 2422 628 privilegia
2456 558 2544 612 ‘aa

159 751 188 782 a
220 735 494 782 reservatis
519 734 573 780 R.
591 734 660 787 P..
683 750 711 781 a
734 737 1008 781 reservatis
1029 748 1228 795 quoque

159 806 519 854 αὔοι-(1111111118
537 805 797 851 absolvere
819 818 968 865 posse
993 805 1058 863 (S.
1080 805 1228 864 Alph.

159 877 269 927 Vll.
298 879 389 922 98».

217 950 247 993 8
273 948 343 994 Ex
368 949 421 996 C.
449 948 500 992 16
523 950 592 994 De
619 949 667 993 V.
687 948 728 991 S.
754 947 873 994 Dixi
894 949 1226 1004 reyularitem

161 1021 279 1082 quia
313 1022 356 1066 si
395 1021 516 1079 priv.
542 1033 837 1065 concessum
867 1021 936 1065 sit
962 1018 1126 1064 verbis
1148 1031 1231 1077 ge-

160 1094 432 1143 neralibus,
451 1096 508 1138 in
525 1094 763 1148 cenet-ali
785 1095 1105 1139 concessione
1128 1104 1232 1138 non

160 1167 377 1212 venitm!
411 1178 468 1210 en
504 1178 639 1221 φωρ
661 1167 775 1222 quis
810 1177 911 1210 non
941 1168 1074 1210 esset
1095 1174 1231 1209 vero-

158 1237 407 1281 similiter
437 1247 777 1280 concessurus
810 1235 879 1286 (C.
915 1236 964 1278 81
998 1236 1071 1280 De
1108 1236 1158 1279 R.
1186 1234 1229 1278 J.

162 1305 212 1351 in
247 1308 341 1363 6⁰„
374 1305 507 1350 idest
546 1308 976 1351 extraordinaria
1010 1318 1231 1363 prorsus

163 1382 210 1424 ee
243 1378 469 1425 insolita,
504 1379 565 1420 de
597 1377 786 1434 quibus
829 1389 921 1422 nec
963 1377 1019 1421 in
1048 1386 1234 1431 uenere

162 1449 445 1503 coartatum
482 1451 555 1493 est
583 1446 778 1502 (l-aym.
814 1445 863 1490 in
899 1444 950 1493 C.
984 1445 1150 1494 Sedes,
1184 1445 1234 1488 15

166 1519 239 1565 De
274 1521 516 1575 Rescrr'pt.
551 1517 686 1564 Reiff
728 1518 779 1563 in
813 1518 894 1563 cit.
931 1518 983 1565 C.
1018 1518 1110 1568 81).
1134 1514 1234 1562 Nec

163 1603 218 1635 ea
239 1603 367 1650 quae
387 1596 476 1634 aut
499 1588 828 1641 consuetudo,
848 1592 938 1633 aut
953 1588 1041 1648 jus
1064 1588 1232 1632 exclu-

164 1660 264 1707 dit:
297 1658 503 1720 proinde
537 1672 792 1710 concessa,
828 1671 870 1703 v.
906 1672 962 1711 c,
997 1658 1235 1703 facultate

167 1730 460 1778 absolvendi
497 1747 526 1775 a
559 1731 796 1789 peccatis,
821 1743 877 1775 ea
904 1743 1056 1776 casus
1081 1742 1238 1774 reser-

165 1803 271 1848 vati
308 1815 404 1847 non
441 1806 788 1847 continentur:
834 1804 883 1846 et
925 1797 1165 1847 concessa
1208 1813 1237 1845 a

166 1874 220 1920 R.
250 1874 297 1918 P.
323 1873 528 1919 licentia
562 1872 852 1918 absolvendi
878 1887 907 1919 a
929 1870 1133 1918 casibus
1164 1885 1237 1915 re·

165 1945 399 1998 servatis,
434 1957 492 1988 ea
526 1958 622 1988 non
660 1945 871 1988 veniunt
897 1956 1048 1988 casus
1073 1940 1235 1987 eidem

165 2014 221 2062 R.
260 2015 305 2061 P.
340 2014 627 2074 specialiter
661 2015 920 2059 reservati.

226 2086 256 2130 9
279 2086 354 2130 Ex
378 2086 429 2133 C.
447 2088 473 2129 7
501 2086 570 2130 De
596 2087 731 2129 Ρνὶυ.
759 2084 817 2129 V.
838 2084 978 2129 Suar.
1005 2082 1140 2131 VIII.
1166 2082 1237 2129 27.

232 2157 285 2201 10
312 2156 360 2201 1..
391 2157 419 2200 3
447 2159 518 2203 De
552 2157 714 2202 Conse.
741 2157 910 2201 Princ.
937 2155 1078 2200 Suar.
1109 2153 1237 2208 VIII,

165 2228 239 2279 27,
263 2227 302 2272 2.
328 2229 584 2284 Beneficia
614 2228 917 2283 Principum
935 2230 1057 2271 sunt
1081 2230 1237 2272 inter·-

161 2303 427 2357 pretawra
479 2301 735 2344 latissime
783 2299 853 2345 ‹C.
898 2298 948 2341 16
983 2300 1057 2343 De
1104 2299 1151 2343 V.
1191 2299 1238 2341 S.

167 2369 220 2417 C.
239 2369 380 2414 2·>.De
392 2371 568 2414 Ρνὶυἰί.
590 2370 670 2414 cit.
693 2369 742 2413 L.
762 2369 805 2421 3)
821 2384 831 2413 :
847 2381 1002 2429 eaque
1020 2369 1233 2427 cumpri-

167 2438 266 2484 mis
300 2452 428 2499 qnae
462 2440 646 2484 salutis
669 2438 954 2499 spiritualis
983 2439 1240 2483 intersunt

170 2509 332 2566 (Suar.
367 2511 442 2556 De
486 2513 696 2556 Cen-sur.
733 2509 835 2556 Vll.
882 2511 924 2557 5.
968 2510 1056 2561 Ι2);
1099 2523 1144 2555 v.
1183 2523 1238 2561 c.,

170 2581 494 2641 privilegium
519 2581 846 2640 dispensandi
873 2580 948 2639 (V.
970 2579 1238 2627 Sanch.·M.

171 2651 305 2701 vm.
325 2651 462 2710 Disp.
483 2653 526 2697 2.
549 2652 686 2710 Pyrr.
702 2651 956 2698 Corradus
982 2651 1124 2695 Prax.
1147 2653 1238 2695 etc.

170 2722 279 2768 Lib.
302 2723 336 2775 I,
354 2724 471 2782 Cap.
499 2725 557 2780 l).
577 2723 908 2779 Quamobrem
937 2723 978 2767 si
1010 2723 1100 2767 'tibi
1126 2735 1240 2767 con-

171 2806 371 2839 cessum
393 2794 543 2839 fuerit
562 2794 743 2852 el-gere
763 2792 1126 2838 confessarium
1153 2792 1239 2851 qui

172 2868 221 2908 te
255 2877 283 2907 a
318 2865 588 2908 reservatis
623 2863 867 2913 absolvat,
897 2862 1116 2908 conferre
1154 2862 1238 2907 be-

173 2935 375 2987 neficia3
404 2934 574 2980 licebit
599 2937 797 2994 quoties
822 2933 1027 2979 libuerit
1060 2933 1243 2992 elige-re

174 3006 537 3051 confessarium
561 3005 724 3057 <Suar.
749 3004 880 3054 vlu.
906 3005 977 3057 29,
1000 3005 1039 3049 8.
1068 3004 1240 3063 Regin.

175 3075 211 3130 I,
258 3078 316 3118 96
343 3107 353 3125 ‚
400 3081 448 3121 et
498 3076 737 3122 beneficia
785 3089 982 3137 quoque
1021 3076 1245 3135 duplicia

177 3147 381 3204 (Sanch.
416 3162 460 3192 n.
502 3150 547 3204 8)
580 3149 818 3194 conferre:
863 3149 907 3193 si
949 3148 1244 3207 dispensare

177 3230 290 3263 cum
316 3218 433 3261 tiliis
455 3219 770 3267 adulterinis.
790 3219 865 3263 vel
892 3218 1246 3265 incoestuosiS.

176 3288 253 3334 vel
281 3289 327 3332 in
359 3290 799 3345 consanguinitate
824 3291 948 3334 etin
984 3288 1244 3339 affinitate,

178 3361 367 3418 poteris
391 3358 683 3417 dispensare
704 3374 816 3404 cum
839 3360 1244 3420 quibuscumque

178 3429 500 3477 incestuosis.
520 3443 631 3473 cum
651 3432 1074 3490 quibuscumque,
1092 3431 1243 3475 etiam

179 3512 239 3545 ex
262 3504 474 3559 utroque
493 3506 714 3559 parente.
730 3501 1030 3546 adulterinis
1052 3501 1243 3554 (Sanch.

167 3565 226 3614 ¹11.
253 3571 327 3622 30,
350 3569 417 3615 De
442 3570 576 3615 Just.
601 3569 722 3623 1.11‚
756 3574 814 3614 4).
848 3571 978 3628 Quid
1010 3573 1052 3616 si
1082 3572 1242 3618 facul-

179 3643 336 3684 tatem
373 3639 561 3686 habeas
595 3640 923 3700 dispensandi
954 3656 1066 3687 cum
1104 3644 1242 3687 ince-

180 3716 395 3769 stuosis,
429 3713 508 3760 vel
541 3714 858 3768 adulterinis,
886 3715 964 3760 vel
999 3718 1048 3761 in
1083 3718 1243 3775 impe-

1332 733 1453 782 dim.
1475 737 1935 797 consanguinitatis
1959 742 2010 783 et
2032 738 2309 789 affinitatis.
2337 750 2402 784 an
2500 739 2548 784 “a

1333 805 1381 851 id
1408 807 1574 865 possis
1597 807 1800 868 qnando
1831 812 2102 870 utrumque
2126 810 2308 854 vitium
2344 809 2394 854 iu
2515 824 2548 857 a:

1332 876 1505 924 eadem
1548 891 1761 937 persona
1797 880 2090 925 concurrit?
2132 878 2406 926 Affirmant

1335 947 1519 1007 plures,
1545 949 1594 994 in
1619 948 1699 995 his
1719 949 1906 995 Sanch.
1927 963 1972 995 n.
1995 951 2064 1004 28,
2085 956 2133 995 et
2156 949 2215 995 de
2232 948 2406 996 sustin
2525 1002 2548 1022 ἡ

1335 1034 1380 1064 n.
1403 1022 1486 1072 ἹΙς
1512 1019 1681 1079 plures
1704 1027 1889 1079 negant
1913 1033 1973 1066 ex
1998 1021 2080 1067 cit.
2105 1022 2154 1069 C.
2187 1020 2405 1080 163(ιῦἰῦ
2507 1021 2548 1066 >3

1334 1094 1412 1135 est
1444 1090 1635 1145 fortius,
1660 1096 1709 1136 et
1735 1105 1888 1136 novae
1913 1092 2096 1151 speciei
2126 1090 2405 1137 vinculum.

1339 1161 1399 1205 Et
1423 1162 1493 1206 ita
1521 1161 1712 1207 obtinet
1737 1175 1889 1221 penes
1914 1162 2096 1208 Sauras
2115 1161 2262 1208 Urbis
2280 1160 2406 1210 Con·

1333 1235 1669 1291 gregationes,
1693 1246 1821 1294 quae
1854 1236 2164 1279 cumulande·
2190 1231 2397 1279 faculta-

2521 1185 2548 1204 q

1336 1307 1435 1348 tem
1458 1317 1552 1349 non
1574 1303 1867 1358 admittunt,
1885 1304 1981 1350 nisi
1997 1317 2235 1350 concessa
2248 1302 2402 1349 fuerit
2504 1244 2548 1351 ξ

1336 1374 1650 1420 nominatim.
2522 1353 2548 1400 Ξ

2534 1474 2548 1500 2

1403 1446 1417 1486 1
1435 1446 1444 1486 i
1479 1444 1569 1492 CC.
1589 1446 1624 1498 1,
1639 1445 1756 1490 2De
1774 1446 1865 1489 Fit.
1884 1445 2087 1492 Prae-sb.
2106 1445 2155 1491 in
2173 1445 2235 1491 6⁰.
2257 1443 2405 1491 Suar.

1339 1513 1469 1566 VIII,
1495 1517 1564 1571 27,
1587 1515 1628 1558 5.
1653 1516 1898 1572 Quamvis
1923 1517 2176 1563 neminem
2200 1515 2404 1563 laedant

1338 1585 1546 1644 (Sanch.
1562 1586 1623 1632 Μ.
1641 1586 1773 1642 VIII,
1800 1588 1832 1639 l,
1853 1590 1915 1642 4).
1938 1586 2123 1646 Nempe
2140 1588 2190 1632 in
2211 1585 2405 1643 subiit,
2478 1640 2481 1642 ,

1341 1671 1451 1702 nam
1489 1658 1531 1703 si
1567 1656 1716 1703 verba
1751 1658 2019 1718 perspicua
2057 1658 2175 1711 sint,
2210 1651 2404 1718 nullam

1339 1728 1805 1787 interpretationem
1835 1733 1880 1783 ὃ
1910 1729 2045 1781 1841),
2070 1728 2281 1789 ideoque
2314 1740 2412 1776 nec
2480 1727 2548 1795 12³⁴*

1339 1798 1693 1854 restrictivam‚
1709 1800 2010 1845 admittunt:
2030 1798 2141 1845 ideo
2163 1812 2406 1847 concessa
2513 1748 2548 1880 ἶ

1342 1873 1446 1921 tibi,
1482 1883 1524 1915 v.
1562 1883 1618 1925 c.,
1653 1872 1972 1930 exemptione
1995 1870 2274 1922 adwinus,
2297 1869 2407 1929 agri

1337 1953 1540 2000 quoque
1574 1941 1777 1987 novales
1811 1940 1883 1996 (C.
1907 1940 1964 1985 27
2001 1942 2076 1986 De
2102 1942 2326 1998 Decem),
2360 1943 2414 1987 et

1340 2025 1468 2071 quos
1503 2016 1679 2071 postea
1712 2012 1893 2057 emeris
1929 2011 1999 2067 (C.
2031 2012 2188 2060 221>e
2211 2013 2412 2069 Privil.)

1340 2084 1675 2129 continentur.

1407 2155 1458 2198 12
1482 2152 1534 2199 L.
1557 2154 1613 2197 43
1635 2158 1703 2202 De
1721 2155 1959 2211 Reliyios.
1981 2153 2185 2200 Scilicet
2206 2154 2250 2199 ei
2274 2152 2411 2215 quod
2512 2205 2514 2210 ,

1340 2225 1539 2283 publice
1574 2226 1798 2287 interest.
1823 2225 1869 2270 id
1898 2226 2029 2285 quod
2065 2225 2278 2270 interest
2309 2224 2410 2270 sin·

1340 2296 1574 2352 gulorum
1597 2296 1769 2341 cedere
1788 2300 1986 2355 oportet
2024 2295 2166 2341 Suar.
2188 2293 2318 2350 VIII,
2337 2292 2414 2348 27,
2482 2298 2518 2355 fij·

1340 2368 1381 2412 7.
1406 2366 1456 2412 V.
1480 2369 1506 2424 ξ
1531 2367 1633 2422 220,
1661 2368 1756 2422 12);
1778 2380 1868 2413 ceu
1893 2366 2157 2426 privilegia
2178 2366 2415 2415 Commu·
2498 2384 2514 2426 4

1342 2438 1592 2485 nitatibus
1630 2438 1706 2484 vel
1741 2438 1855 2483 Piae
1895 2437 2046 2484 alicui
2079 2450 2264 2484 causae
2296 2449 2413 2483 con·
2493 2431 2509 2453 ‘⁴

1343 2523 1487 2556 cessa
1521 2510 1584 2562 (S.
1613 2509 1762 2570 Alph.
1799 2509 1902 2555 Lib.
1938 2510 1973 2556 1.
2009 2513 2137 2570 App.
2170 2507 2229 2559 11,
2262 2509 2328 2565 8).
2489 2517 2508 2574 ἦ.

1410 2583 1461 2624 13
1495 2581 1570 2626 Ex
1603 2582 1655 2628 C.
1683 2581 1742 2625 23
1772 2582 1844 2626 De
1866 2581 2044 2626 Praeb.
2086 2581 2134 2624 in
2169 2579 2231 2624 6⁰.
2267 2578 2412 2627 Suar.

1343 2651 1477 2706 VIII,
1511 2652 1581 2706 27,
1616 2667 1663 2698 n.
1686 2653 1728 2698 8.
1757 2651 1927 2710 Laym.
1954 2651 2025 2702 23,
2049 2651 2091 2696 5.
2119 2649 2174 2695 V.
2203 2650 2335 2697 Dixi.
2423 2703 2425 2705 .

1411 2724 1461 2766 14
1494 2722 1570 2767 Ex
1604 2722 1657 2770 C.
1691 2723 1748 2766 30
1782 2724 1845 2771 ἰω
1867 2722 1912 2767 fi.
1950 2723 2022 2766 Da
2049 2722 2195 2768 Priv.
2228 2720 2414 2769 Sanch.

1344 2793 1486 2839 Reiff.
1514 2793 1546 2845 1,
1572 2793 1614 2846 3,
1646 2793 1739 2838 137.
1763 2792 1811 2838 S.
1832 2791 1977 2852 Alph.
2006 2792 2112 2839 Lib.
2136 2791 2173 2845 I,
2198 2793 2326 2852 App.
2348 2791 2416 2848 11,
2512 2843 2516 2846 .

1346 2878 1392 2909 n.
1409 2865 1449 2908 7.
1469 2863 1611 2915 Hinc,
1632 2876 1671 2907 ν.
1692 2876 1745 2914 c.,
1764 2863 1850 2922 qui
1872 2863 2182 2922 permittitur
2200 2863 2418 2908 retinere
2520 2901 2529 2915 ,

1347 2935 1445 2980 duo
1480 2934 1719 2980 beneficia
1745 2946 1871 2993 quae
1901 2936 2277 2979 adsiduitatem
2311 2933 2412 2979 exi·
2483 2937 2491 2948 ⁴

1346 3010 1490 3065 gunt,
1514 3005 1575 3050 ab
1598 3005 1894 3050 alterum-Ius
1921 3003 2192 3049 residentia
2215 3001 2416 3063 dispen-

1347 3080 1494 3122 satus
1518 3077 1670 3122 tacite
1694 3075 1999 3135 intelligitur
2023 3074 2175 3131 iGIos.
2197 3074 2249 3119 in
2268 3074 2320 3122 C.
2341 3074 2418 3127 21,

1349 3162 1391 3192 v.
1429 3150 1685 3201 Retinere,
1719 3149 1793 3193 De
1826 3149 2010 3193 Praeb.
2045 3146 2095 3191 in
2129 3146 2177 3189 6⁰
2205 3157 2216 3189 ε
2253 3137 2308 3190 αι’
2334 3142 2413 3192 fa-

1348 3218 1587 3265 cultatem
1607 3218 1828 3264 testandi
1844 3211 2134 3263 concessam
2161 3216 2429 3275 3931111111,ρ

1350 3291 1510 3348 primo
1545 3293 1851 3335 testamento
1879 3287 2079 3335 condito
2105 3287 2240 3332 haud
2265 3285 2419 3340 finiri,

1350 3361 1438 3406 sed
1463 3365 1771 3413 testatorem,
1796 3359 1925 3405 illud
1954 3372 2198 3412 revocare,
2231 3361 2282 3403 et
2315 3355 2417 3402 alia
2477 3400 2481 3402 .

1349 3431 1510 3477 facere
1544 3445 1706 3492 posse,
1735 3432 1905 3475 verius
1938 3433 2016 3475 est
2050 3429 2316 3485 (Sarinien.
2339 3427 2419 3473 De

1351 3504 1600 3548 Redditib.
1627 3501 1675 3547 P.
1710 3501 1793 3555 IV,
1827 3501 1945 3559 Cap.
1984 3499 2064 3551 IV,
2088 3513 2134 3544 n.
2158 3500 2198 3544 3.
2234 3495 2418 3544 Sanch.

1350 3573 1414 3618 M.
1451 3572 1578 3626 VIII,
1624 3575 1657 3626 l,
1697 3587 1741 3617 n.
1783 3573 1870 3622 18).
1907 3571 1985 3623 Et,
2022 3575 2077 3614 ut
2117 3566 2420 3629 generaliter

1349 3643 1586 3696 dixerim,
1618 3656 1857 3689 concesso
1882 3641 2056 3701 privile
2061 3642 2145 3700 gio
2171 3653 2228 3684 ea
2249 3638 2419 3684 omnia
2485 3667 2500 3706 ⁴3

1349 3716 1501 3761 tacite
1521 3727 1760 3760 concessa
1784 3711 2159 3771 intelliguntur,
2179 3709 2286 3755 sine
2308 3706 2420 3768 qui·
2498 3725 2510 3766 ,¹

2516 3486 2548 3647 amb}
2517 3411 2548 3437 ..’·.
2522 3373 2548 3398 .”.“
2539 3346 2548 3358 .
2530 3324 2534 3327 ⁴
2514 3257 2548 3293 ἒς
2534 3227 2548 3242 2
2544 3162 2548 3171 -
