2548 4042
172 306 443 363 rescribit
485 304 853 376 rescripserit
884 306 1027 375 jure
1061 320 1168 360 suo
1203 305 1351 378 (31);
1393 320 1528 361 nam
1571 305 1815 376 perinde
1843 308 1950 372 est,
1979 307 2145 380 quasi
2179 322 2291 364 non
2318 267 2482 372 riti-*ri
2505 270 2518 305 ζ

172 399 354 467 gatus
400 394 797 465 rescripserit:
846 394 1244 465 obreptionem
1292 410 1404 450 non
1437 395 1596 459 item,
1630 394 1769 466 quia
1811 397 1999 467 potuit
2040 397 2185 453 falsa
2227 396 2457 465 cause.
2454 378 2529 445 '²⁴⁴'

175 485 469 556 proposita
509 500 641 539 eum
683 483 957 555 decipere
1002 481 1129 556 (32)
1174 483 1391 540 Verum
1435 482 1776 557 (subreptio)
1816 500 1929 541 non
1970 489 2143 543 sanat
2197 487 2408 544 vitium
2449 476 2468 519 Τ
2497 496 2504 503 ’

173 573 583 637 inhabilitatis,
602 574 740 644 quia
763 574 908 629 haec
932 590 1041 629 non
1067 574 1328 644 pertinet
1347 575 1419 629 ad
1443 590 1516 629 ea
1537 590 1688 645 quae
1712 579 1852 630 sunt
1874 576 2254 646 exprimenda
2271 573 2409 650 (33).

169 663 443 720 Ceterum
487 663 850 734 rescriptum,
869 664 937 719 in
968 664 1143 719 dubio
1185 667 1379 719 utrum
1423 664 1649 720 laboret
1688 666 2081 736 subreptione,
2123 681 2200 722 an
2240 667 2412 724 obre·

175 754 398 826 ptione,
440 756 560 809 stat
589 752 729 826 (34);
774 757 944 825 prout
984 758 1155 810 actus
1194 754 1397 810 ceteri.

245 845 374 899 241.
405 843 572 898 Nunc
602 842 907 899 videamus
934 859 1085 915 quae
1114 844 1454 913 delegatum
1497 846 1799 915 praestare
1839 848 2105 916 oporteat
2154 849 2220 902 ut
2246 861 2409 904 man-

172 932 312 989 dato
351 949 456 988 suo
497 933 665 1002 fungi
705 936 902 1004 queat.
932 933 1223 1004 Principio
1251 934 1437 1002 igitur
1466 936 1822 999 mandatum,
1863 938 2042 1008 atque
2075 937 2204 992 ideo
2229 936 2410 1010 juris·

174 1022 354 1078 dictio
382 1038 495 1078 non
528 1022 901 1093 intelligitur,
944 1023 1055 1078 nisi
1100 1027 1402 1094 postquam
1431 1026 1890 1096 autbographae
1907 1027 2166 1083 mandati
2196 1027 2411 1086 literae

172 1113 246 1169 ad
289 1113 476 1183 ipsum
519 1113 897 1184 pervenerint
940 1113 1079 1184 (35):
1142 1114 1290 1179 ideo,
1332 1114 1442 1169 etsi
1485 1115 1813 1171 certissime
1854 1117 2001 1172 sciat
2051 1118 2253 1175 literas
2282 1118 2411 1190 jam
2518 1107 2523 1111 ’

177 1203 287 1257 sibi
330 1203 537 1258 missas
580 1202 778 1267 fuisse,
818 1203 914 1258 vel
957 1218 1159 1258 earum
1200 1204 1533 1275 exemplum
1565 1206 1878 1276 acceperit,
1922 1206 1967 1262 si
2012 1207 2150 1278 quid
2193 1190 2443 1280 exequi*

178 1293 439 1362 coeperit
485 1292 629 1347 nihil
664 1294 794 1361 agit
826 1290 964 1365 (36).
1004 1293 1225 1349 Deinde
1266 1294 1572 1364 explorare
1613 1296 1806 1360 debet,
1846 1311 1923 1351 an
1964 1313 2106 1352 vera
2147 1297 2269 1354 sint
2309 1312 2409 1354 ex-

175 1382 383 1454 posita.
423 1384 496 1437 Et
536 1382 584 1437 si
628 1383 683 1437 id
712 1383 976 1437 omiserit
1015 1380 1186 1452 (forte
1227 1384 1367 1453 quia
1407 1384 1517 1438 sibi
1561 1387 1791 1441 constat
1831 1402 1974 1441 vera
2002 1402 2149 1451 esse,
2180 1393 2239 1442 et
2270 1402 2413 1444 vera
2505 1392 2525 1447 ζ

176 1474 350 1544 sunt),
380 1472 670 1542 siquidem
712 1472 771 1526 in
814 1472 1087 1527 mandato
1114 1472 1333 1527 dictum
1370 1473 1470 1527 sit:
1500 1476 1550 1525 si
1574 1491 1753 1544 preces
1782 1478 1994 1530 veritato
2021 1478 2122 1529 niti
2146 1480 2411 1547 repareris,
2515 1524 2523 1534 .

177 1563 344 1618 irrita
386 1564 501 1617 erit
547 1561 931 1633 dispensatim
975 1561 1063 1616 sin
1105 1565 1321 1625 autem,
1361 1565 1410 1615 si
1443 1580 1622 1632 preces
1669 1567 1881 1619 veritate
1921 1567 2183 1631 nitantur,
2224 1565 2408 1623 valet:

178 1654 409 1709 scilicet
464 1654 618 1723 prior
668 1653 938 1709 clausula
989 1669 1174 1706 novam
1210 1656 1450 1721 formam
1500 1652 1731 1722 inducat,-
1772 1671 1887 1710 non
1930 1656 2070 1712 item
2125 1655 2414 1726 posterior
2448 1715 2453 1717 ,
2485 1646 2526 1717 ·.'

175 1745 233 1815 (g
272 1745 363 1809 76,
404 1746 520 1815 50),
561 1743 776 1815 quippe
817 1743 1000 1798 tacite
1043 1744 1199 1799 inest
1237 1742 1367 1817 (37).
1408 1742 1680 1800 Ceterum
1722 1746 2019 1817 inquirere
2060 1746 2256 1812 debeS,
2297 1761 2414 1803 non
2479 1787 2531 1835 ¹1

179 1959 269 2015 111,
301 1960 341 2015 I,
373 1960 447 2005 51.
475 1960 550 2005 Ex
575 1959 628 2007 C.
651 1958 710 2003 20
732 1959 808 2004 De
835 1959 1084 2015 Rescript.
1107 1957 1158 2002 in
1182 1958 1243 2003 6⁰.

175 2031 279 2077 Nec
297 2031 374 2077 fas
391 2035 469 2076 est
486 2043 651 2076 coram
667 2029 898 2089 delegato
914 2027 1245 2080 docere‚forte

178 2102 305 2149 alias
318 2103 641 2163 justissimas
658 2100 870 2146 subesse
895 2112 1092 2150 causas,
1117 2112 1245 2158 quas

176 2178 346 2220 orator
370 2174 574 2220 reticuit
603 2171 840 2229 (Corrad,
866 2173 1032 2216 Praoe.
1057 2169 1164 2223 VII,
1189 2169 1246 2223 V,

177 2247 250 2292 55.
274 2245 346 2291 De
372 2246 506 2292 Just.
529 2245 618 2297 111,
650 2244 690 2303 I,
720 2243 817 2299 90):
843 2243 1042 2289 scilicet
1072 2242 1248 2287 rescri-

180 2321 269 2378 pta
292 2322 498 2363 tantum
531 2318 725 2370 valent,
757 2320 1011 2373 quantum
1044 2316 1245 2358 sonant.

179 2389 350 2441 Secus‚
378 2392 436 2434 ut
461 2391 600 2448 puto,
622 2387 667 2433 si
690 2387 741 2432 in
766 2385 1009 2444 rescripto
1033 2384 1247 2437 dicatur,

179 2463 455 2506 dummodo
478 2462 630 2515 Juxta
663 2470 828 2504 causa
860 2458 1037 2502 subsit.

238 2530 298 2574 29
317 2530 371 2577 C.
389 2530 446 2574 20
460 2532 533 2575 De
551 2532 719 2576 Rescr.
741 2529 814 2572 Ex
831 2529 881 2575 C.
898 2527 956 2571 23
970 2528 1046 2574 De
1067 2528 1247 2573 Praeb.

181 2602 236 2648 in
258 2603 320 2648 6⁰.
344 2600 527 2647 Sanch.
550 2614 598 2645 n.
619 2601 692 2645 57.
717 2599 772 2643 V.
797 2612 852 2654 c.,
877 2599 920 2644 is
955 2600 1042 2657 qui
1076 2610 1250 2658 preces

183 2672 490 2719 reformavit.

238 2745 298 2790 30
331 2743 429 2795 Cit.
478 2744 533 2792 C.
580 2743 651 2788 23.
702 2741 859 2790 Clem.
901 2743 941 2785 4.
987 2741 1102 2785 Εοά.
1157 2741 1250 2784 Tit.

186 2816 367 2863 Sanch.
400 2815 463 2861 M.
497 2805 631 2869 VIII,
661 2814 732 2867 21,
768 2816 839 2857 47.

238 2887 292 2931 31
330 2887 503 2946 Laym.
539 2885 612 2939 22,
649 2887 715 2930 11.
751 2884 800 2931 S.
838 2883 983 2943 Alph.
1020 2883 1114 2935 VH,
1147 2881 1251 2927 353.

184 2956 315 3005 Jure
331 2971 442 3011 δυο,
462 2957 600 3003 velut
622 2957 680 3003 R.
704 2957 767 3010 P„
793 2955 1018 3015 Legatus
1044 2954 1250 3012 (Sanch.

184 3043 233 3074 n.
266 3030 361 3083 48=,
391 3028 696 3088 Episcopum
726 3040 843 3073 nam
867 3025 1132 3086 delegatus
1159 3038 1251 3070 ex-

185 3099 383 3144 cederet
417 3100 542 3144 flnes
579 3099 818 3144 mandati.

244 3170 304 3214 32
337 3170 513 3216 Sancti.
539 3170 602 3214 M.
627 3170 742 3225 VIII,
763 3170 836 3222 21,
859 3170 932 3214 52.
957 3169 1029 3214 De
1063 3169 1192 3214 Just.
1216 3167 1254 3221 Ι,

183 3239 269 3295 lv,
302 3241 370 3284 40.
405 3241 547 3285 Reiff.
581 3240 617 3294 Ι,
651 3240 739 3294 ΙΙΙ,
770 3243 843 3294 79,
878 3241 982 3286 207.

242 3310 303 3355 33
336 3310 514 3357 Saneli.
550 3312 576 3355 l.
612 3325 650 3356 c.
685 3325 734 3358 n.
767 3313 838 3356 49.
873 3310 1016 3358 Reiff.
1048 3325 1099 3357 n.
1127 3310 1223 3354 108.

245 3383 303 3428 34
338 3382 385 3428 S.
412 3383 560 3441 Alph.
584 3383 615 3436 I,
643 3383 752 3438 185;
783 3383 852 3430 111.
885 3383 996 3437 2513
1022 3382 1098 3434 VI,
1127 3381 1255 3426 1133.

246 3454 308 3499 35
340 3454 416 3500 Ex
449 3454 502 3500 C.
530 3454 582 3497 12
614 3455 665 3498 in
699 3453 785 3499 fin.
810 3455 885 3502 De
907 3455 1158 3510 Appellat.
1182 3452 1256 3497 De

187 3526 320 3572 Just.
353 3525 383 3579 1,
419 3523 494 3576 VI,
528 3524 569 3568 2.
604 3523 784 3570 Sanch.
821 3525 884 3569 M.
908 3524 1019 3577 VIII,
1054 3525 1127 3575 29,
1160 3523 1225 3567 10.

249 3597 309 3640 36
342 3595 520 3642 Sanch.
554 3594 587 3640 l.
630 3608 670 3641 c.
715 3595 858 3640 Reiff.
902 3595 970 3646 111,
1022 3595 1093 3638 21.
1127 3597 1255 3654 App.

189 3681 239 3713 n.
264 3666 366 3711 299.
393 3666 466 3711 De
487 3665 619 3712 Just.
640 3665 674 3718 1,
706 3665 783 3720 VI,
816 3666 860 3718 2,
893 3671 984 3711 etc.
1013 3665 1258 3712 Schmalz.

186 3738 265 3793 IV,
306 3739 373 3794 16,
406 3737 507 3782 222.
541 3737 781 3785 Ceterum
815 3736 1017 3793 sufficit,
1051 3738 1091 3783 si
1133 3734 1258 3794 quid

1347 1956 1537 2016 opinor,
1560 1956 1604 2002 si
1629 1957 1813 2002 missas
1843 1954 1906 2002 ad
1929 1954 2092 2001 Vicar.
2115 1954 2294 2003 Gener.
2312 1954 2414 2004 Cu—

1347 2028 1450 2073 riae
1481 2027 1717 2073 officiales
1752 2028 2052 2087 acceperint,
2091 2030 2142 2072 et
2182 2025 2416 2089 legerint,

1347 2098 1498 2159 idque
1523 2100 1570 2144 ei
1601 2098 2028 2150 renunciaverint;
2051 2098 2241 2157 quippe
2267 2096 2323 2145 hi
2349 2097 2415 2143 ed
2500 2095 2502 2097 ’

1348 2170 1483 2215 idem
1514 2170 1736 2227 officium
1770 2169 2038 2228 pertinent.
2069 2168 2208 2226 Quae
2240 2169 2286 2215 si
2317 2165 2410 2214 de·
2456 2166 2461 2171 ’
2499 2208 2509 2229 ,Α

1348 2242 1572 2302 perditae
1603 2242 1793 2287 fuerint
1824 2243 2094 2301 antequam
2120 2238 2183 2285 ad
2206 2238 2412 2299 delega-
2448 2263 2484 2286 ,ω
2508 2236 2531 2249 ”

1348 2314 1459 2356 tum
1492 2309 1826 2370 pervenerint,
1858 2321 2016 2354 novae
2059 2310 2208 2352 erunt
2248 2306 2413 2366 impe·
2442 2302 2505 2363 'f''

1348 2380 1558 2428 trandae
1611 2381 1663 2426 in
1714 2378 1875 2426 forma
1931 2379 2176 2425 Vidimus,
2226 2376 2419 2423 Verum*
2453 2382 2478 2403 ·-’

1349 2452 1499 2500 hodie
1522 2455 1664 2498 tanto
1687 2452 1849 2512 rigore
1871 2464 1970 2497 non
1995 2449 2188 2496 utimur
2209 2446 2413 2509 quando
2476 2462 2483 2474 ’

1349 2524 1615 2584 negocium
1639 2523 1692 2568 in
1713 2522 2006 2582 longinquis
2025 2519 2312 2580 regionibus
2328 2531 2416 2565 ex·
2467 2523 2516 2574 Ἰχ

1350 2596 1657 2656 pediendum
1681 2598 1772 2649 est,
1795 2597 1846 2639 et
1867 2597 1945 2640 est
1976 2593 2028 2638 in
2062 2605 2200 2638 mora
2221 2592 2419 2651 pericu·
2455 2594 2495 2654 ,ζ’

1350 2667 1486 2712 lum:
1523 2666 1633 2712 ideo
1666 2667 1710 2712 si
1744 2679 1831 2726 per
1862 2663 2212 2724 telegraphum
2236 2674 2418 2708 renun-
2447 2663 2507 2718 ,7³

1353 2739 1542 2785 ciatum
1574 2738 1741 2791 fuerit,
1780 2734 2084 2796 rescriptum
2123 2733 2418 2793 expeditum
2443 2734 2498 2778 'x

1351 2808 1525 2861 fuisse,
1548 2811 1671 2867 puto
1694 2808 1745 2853 in
1769 2807 1850 2853 his
1874 2806 2078 2853 casibus
2100 2818 2200 2851 non
2222 2804 2419 2864 inquie-
2498 2847 2502 2855 ,

1353 2880 1450 2925 tari
1483 2893 1567 2924 eos
1599 2880 1702 2939 qui,
1737 2878 1967 2937 exemplo
2000 2890 2099 2922 non
2138 2875 2420 2934 expectato,
2487 2870 2522 2894 ³

1353 2950 1621 3008 negocium
1654 2948 1944 3008 expedIunt.
2523 2958 2527 2968 ¹

1414 3022 1471 3065 37
1504 3022 1580 3066 Ex
1614 3019 1666 3066 L.
1691 3021 1733 3071 8,
1766 3023 1795 3074 ἓ
1824 3021 1875 3064 Si
1896 3022 2123 3077 praeter.
2146 3017 2222 3064 De
2255 3017 2420 3062 Tran·

1354 3099 1478 3140 sact.
1511 3091 1690 3140 Sanch.
1718 3092 1780 3136 M.
1803 3090 1890 3142 ΙΙΙ,
1921 3090 1994 3142 33,
2027 3091 2079 3145 4;
2110 3087 2227 3143 vm,
2248 3089 2323 3144 34,
2344 3086 2447 3132 26.·
2496 3087 2531 3115 ³

1355 3167 1495 3212 Licet
1517 3166 1769 3211 notorium
1794 3164 1874 3217 sit,
1897 3164 1949 3209 in
1971 3162 2125 3222 priori
2147 3175 2286 3215 casu,
2304 3173 2423 3207 eau-
2468 3187 2470 3189 -
2504 3152 2522 3193 -’

1354 3252 1464 3285 sam
1489 3237 1699 3284 subesse
1723 3237 1811 3295 (De
1834 3237 1966 3282 Just.
1985 3234 2016 3288 1,
2042 3233 2117 3288 VI,
2141 3234 2268 3290 249).
2285 3230 2421 3278 Haec
2514 3283 2527 3307 )

1355 3310 1610 3355 sententia
1641 3307 1956 3353 communior
1987 3307 2078 3360 est,
2102 3319 2131 3350 a
2156 3316 2257 3364 qua
2289 3302 2451 3350 rece·'

1356 3380 1471 3426 dere
1504 3393 1603 3425 non
1637 3379 1777 3424 licet:
1811 3389 1989 3423 verum
2028 3375 2134 3422 Glo.
2169 3376 2221 3420 in
2263 3372 2422 3422 elem.

1356 3465 1441 3497 un.
1476 3452 1550 3498 De
1588 3451 1639 3497 Ο.
1675 3451 1752 3502 D,
1793 3461 1946 3507 quam
1988 3446 2194 3492 Navarr.
2226 3444 2300 3499 27,
2345 3444 2417 3499 37,
2486 3452 2534 3507 ἠ’

1358 3523 1600 3581 sequitur,
1634 3524 1684 3565 et
1716 3518 2117 3579 receptissimam
2151 3518 2312 3569 vocat,
2337 3528 2423 3560 ne·

1357 3597 1445 3654 gat
1478 3594 1581 3639 illis
1615 3592 1778 3638 verbis
1804 3617 1826 3626 -
1855 3593 1946 3636 si...
1979 3591 2078 3636 niti
2107 3587 2368 3645 repereris
2394 3610 2417 3623 -
2499 3626 2524 3643 .-

1358 3678 1539 3710 novam
1558 3663 1769 3710 formam
1786 3661 1974 3716 induci,
1991 3661 2178 3720 quippe
2201 3655 2435 3704 conditio,
2469 3682 2476 3722 ³.

1360 3749 1536 3783 revera
1553 3735 1704 3781 tacite
1726 3734 1876 3780 inest.
1891 3732 2028 3779 Haec
2045 3728 2298 3777 sententia
2318 3738 2438 3774 ma-·
2459 3750 2497 3786 23
