2548 4042
179 47 278 103 418
431 63 555 101 mins
590 63 740 101 ram
763 74 787 87 ·
808 60 1175 101 rnotaoouam
1196 74 1221 86 -
1243 61 1416 100 macr.
1441 61 1526 105 vn,
1553 61 1618 101 ns
1653 27 2182 102 iaaeouum'n'rmus‘
2251 39 2254 43 ’
2374 28 2378 37 ’
2401 0 2548 115 ’ἂψ

178 147 423 218 suscipit
449 146 710 200 ordinem
739 160 985 207 sacrum,
1011 148 1072 200 et
1098 144 1345 200 subinde
1373 144 1551 200 aliam
1580 159 1820 200 uxorem
1849 144 2026 209 ducit,
2055 143 2229 216 eique
2257 158 2412 200 com-

180 239 384 292 miscet
425 234 559 307 (10).
602 235 794 290 Dices:
835 235 1001 305 atqui
1046 236 1151 290 hoc
1193 235 1509 290 secundum
1556 234 1988 290 matrimonium
2029 236 2120 290 est
2159 233 2411 298 nullum,
2496 247 2497 254 ¹

178 331 355 396 atque
387 325 516 379 ideo
547 340 648 395 pro
677 324 891 379 infecto
920 329 1025 379 est.
1051 324 1138 378 Ita
1168 340 1358 394 porro;
1382 325 1482 380 sed
1516 325 1570 379 in
1603 324 2001 389 matrimoniis,
2025 339 2178 396 quae
2206 325 2412 380 contra

171 418 268 482 jus
297 414 737 476 contrahuntur,
770 413 866 467 lex
882 416 1094 480 saccum
1122 412 1371 484 (ausum)
1399 417 1631 469 coercet
1659 411 1714 484 (ἓ
1743 415 1873 479 298,
1898 415 2019 484 99);
2053 417 2232 485 atque
2263 412 2412 478 ide0,
2491 411 2494 414 ’

180 521 288 559 non
306 505 459 574 juris
482 504 742 567 effectuS,
766 502 867 557 sed
896 502 1313 571 animv’coyitatio
1337 505 1398 557 et
1416 506 1630 572 affectus
1651 505 1945 557 intentionis
1965 501 2291 573 attenditur(
2301 500 2407 575 11).

182 595 302 649 Hac
334 594 560 648 ratione
591 593 746 655 moti,
777 592 965 647 Nostri
998 595 1060 647 et
1086 589 1434 647 Canonistae
1473 607 1620 662 pene
1663 607 1878 655 omneS,
1911 592 2410 662 irregularitatem

180 685 330 737 lianc
369 682 442 736 ad
487 698 617 736 eum
662 682 1004 751 producunt,
1040 682 1138 751 qui
1181 682 1295 735 duo
1338 681 1670 736 successive
1711 682 2081 736 matrimonia
2123 682 2307 746 irrita,
2337 696 2413 737 ex

177 789 488 843 quocumque
519 771 929 842 impedimento
950 768 1149 842 (atque
1174 770 1318 832 ide0,
1344 770 1452 824 etsi
1480 770 1676 826 clerici
1708 771 1826 824 sint
1858 771 1912 824 in
1941 771 2256 825 minoribus
2279 785 2414 825 con·

178 864 390 925 stituti,
434 861 525 915 vel
573 861 727 932 laici)
767 861 1084 923 contraxit;
1118 874 1343 930 nempe,
1372 861 1559 929 aJunt,
1587 877 1688 913 non
1716 876 1780 914 σω
1809 860 1952 927 jare,
1981 861 2072 913 sed
2105 877 2170 914 σω
2209 862 2416 915 ratione

177 969 418 1023 arpi-essa
459 954 514 1005 in
550 953 677 1019 ,iuro
717 950 858 1021 (12):
901 951 975 1005 ab
1018 950 1125 1003 liac
1180 950 1493 1012 sententia,
1536 949 1645 1004 etsi
1689 954 1926 1019 recepta
1966 952 2167 1004 contra
2207 963 2413 1004 omnes

181 1042 418 1112 regulas
448 1041 602 1111 juris
640 1040 772 1110 (13),
815 1039 1092 1095 recedere
1133 1038 1365 1093 omnino
1406 1054 1517 1093 non
1560 1039 1778 1103 ausim;
1822 1040 1921 1093 sed
1966 1039 2143 1095 liceat
2171 1038 2409 1094 dubiam

178 1131 376 1187 dicere
406 1130 903 1204 irregularitatem
937 1129 1282 1199 hujusmodi,
1312 1131 1378 1183 ut
1406 1129 1612 1183 saltem
1641 1131 1714 1184 ab
1743 1129 2045 1184 Ordinario
2081 1127 2410 1198 dispensari

180 1222 379 1293 possit.

255 1313 380 1366 419.
412 1311 674 1379 Bigamia
703 1307 1154 1378 interpretativa
1188 1307 1374 1362 oritur
1414 1323 1486 1362 ex
1529 1308 1702 1371 unico
1742 1309 2130 1364 matrimonio.
2174 1308 2414 1365 Scilicet

180 1402 405 1466 mulier,
436 1417 586 1472 quae
627 1400 851 1454 duobus
887 1397 1264 1460 commiscuit,
1298 1398 1545 1451 habetur
1585 1397 1748 1467 quasi
1793 1398 2009 1468 duplex
2050 1398 2277 1462 mulier,
2308 1398 2413 1453 du·

181 1493 319 1564 plex
362 1506 534 1546 uxor:
578 1491 683 1544 hoc
732 1488 965 1543 nomine
1023 1486 1208 1556 igitur
1247 1485 1411 1555 quasi
1467 1486 1755 1555 bigamuS,
1798 1488 2144 1555 irregularis
2196 1494 2275 1542 est
2309 1487 2412 1558 qui

182 1582 352 1637 duxit
393 1582 721 1651 corruptam
764 1580 838 1632 ab
878 1577 1010 1640 ali0,
1053 1591 1156 1631 seu
1197 1574 1451 1639 viduam,
1494 1591 1600 1631 seu
1642 1576 2011 1632 fornicariam
2039 1576 2176 1647 (14);
2215 1574 2279 1645 fi't
2314 1577 2415 1648 qui

244 1760 297 1805 10
319 1757 372 1805 C.
395 1758 577 1814 Nuper
601 1757 643 1802 4.
667 1756 741 1801 De
764 1756 966 1811 Biyam.
997 1753 1246 1797 Similitu-

182 1829 420 1883 dinaria,
454 1828 573 1889 quia
598 1827 718 1873 licet
749 1826 802 1871 in
834 1827 1148 1871 sacramento
1171 1823 1245 1867 in·

182 1899 347 1946 valido
390 1899 589 1945 nullum
631 1899 701 1944 sit
743 1901 1133 1949 sacramentum,
1168 1898 1247 1940 est

178 1974 348 2016 tamen
397 1970 569 2030 aliqua
616 1967 897 2015 similitudo
942 1965 1243 2012 sacramenti

178 2041 258 2098 (D.
291 2040 411 2087 Tho.
446 2040 622 2100 Suppl.
655 2041 727 2092 66,
761 2040 802 2092 2,
838 2038 900 2084 ad
930 2040 988 2091 l).

244 2114 289 2158 ll
330 2113 428 2160 Cit.
460 2113 515 2159 C.
537 2115 577 2157 4.
601 2112 680 2159 Ex
713 2111 767 2156 L.
794 2111 859 2155 18.
890 2111 940 2158 C.
967 2112 1040 2155 Aa
1063 2110 1113 2154 L.
1140 2105 1241 2153 Juz.

178 2186 254 2232 De
277 2185 496 2230 Adulter.
525 2181 658 2228 Haec
687 2180 1050 2241 irregularitas,
1079 2193 1139 2224 ex
1164 2177 1246 2224 de·

174 2255 298 2303 licto
330 2259 410 2301 est
442 2253 643 2310 (Sanch.
678 2253 740 2298 M.
776 2251 884 2303 VII,
915 2253 987 2304 85,
1018 2252 1102 2309 10).

245 2326 299 2371 12
313 2326 371 2371 V.
389 2325 566 2372 Sanch.
586 2323 691 2377 VII,
711 2325 784 2374 84,
803 2325 845 2368 3.
864 2323 1006 2370 Suar.
1025 2323 1098 2378 49,
1117 2322 1156 2373 2,
1179 2323 1244 2367 ll.

178 2397 227 2445 S.
252 2396 405 2457 Alph.
429 2396 536 2451 VII,
568 2397 673 2441 445.
702 2394 798 2442 Sed
833 2408 933 2440 non
970 2393 1089 2439 bene
1121 2394 1244 2439 haec

176 2468 435 2515 sententia
453 2467 760 2512 adscribitur
777 2465 836 2510 D.
861 2465 950 2510 Th.
976 2464 1149 2525 Suppl.
1171 2465 1243 2518 66,

178 2539 225 2584 2:
251 2543 300 2583 et
321 2538 446 2583 forte
471 2537 652 2582 exinde
678 2538 841 2582 evasit
863 2549 988 2595 pene
1023 2549 1244 2581 commu·

177 2609 407 2656 nissima.
441 2607 539 2654 Sed
591 2611 766 2653 merito
801 2608 846 2653 ei
892 2606 1245 2654 contradicunt

176 2678 343 2732 Avila,
378 2678 677 2739 Henriquez,
721 2677 885 2724 Diana
925 2692 999 2738 ap.
1037 2677 1241 2724 Salmat.

183 2750 252 2805 10,
293 2751 339 2805 9,
384 2750 442 2794 28
475 2751 581 2809 (qui
626 2749 676 2794 id
727 2748 982 2808 probabile
1026 2750 1243 2807 putant),

177 2822 298 2880 quia
316 2822 366 2866 in
385 2820 575 2866 odiosis
591 2834 689 2865 non
708 2819 768 2866 fit
785 2822 1012 2865 extensio
1038 2820 1098 2864 de
1122 2833 1243 2865 casu

179 2891 244 2937 ad
276 2905 469 2938 casum.

244 2962 299 3005 13
331 2963 484 3019 Quae,
520 2975 711 3021 nempe,
752 2964 924 3007 vetant
967 2961 1155 3017 odiosa,
1197 2966 1245 3005 et

180 3033 232 3078 in
272 3034 447 3091 primis
489 3047 547 3078 ea
590 3046 719 3093 quae
763 3032 1003 3079 nituntur
1046 3033 1245 3079 fictione

174 3104 307 3164 J’uris
342 3105 390 3161 (ᾗ
428 3104 529 3159 208,
552 3105 643 3158 64),
676 3103 951 3163 producere
986 3104 1160 3159 (etiam
1185 3104 1246 3150 ob

181 3177 505 3222 identitatem
538 3176 762 3229 rationis,
795 3187 924 3234 quae
963 3174 1043 3222 hic
1075 3188 1247 3220 revera

181 3259 281 3292 non
315 3246 472 3298 deest,
505 3246 563 3291 de
597 3259 718 3292 casu
764 3246 826 3292 ad
859 3260 1050 3302 casum,
1094 3251 1143 3291 et
1186 3245 1246 3291 de

184 3330 398 3376 persona
442 3315 501 3361 ad
543 3330 823 3376 personam.
858 3316 1007 3363 Porro
1049 3317 1160 3363 heic
1199 3319 1247 3362 et

187 3400 448 3432 versamur
480 3386 532 3431 in
572 3387 774 3432 fictione
801 3388 954 3447 juris;
989 3392 1041 3434 et
1074 3388 1248 3434 odiosa

183 3457 511 3518 producimus
545 3456 606 3501 de
639 3470 760 3503 casu
796 3458 858 3503 ad
893 3471 1089 3504 casum:
1130 3472 1247 3504 nam

183 3529 235 3573 in
259 3528 311 3576 C.
346 3530 523 3585 Nuper
555 3529 596 3574 4.
626 3528 700 3574 De
734 3531 929 3584 Biyam.
964 3543 1044 3574 res
1076 3533 1154 3575 est
1187 3529 1248 3574 de

185 3610 256 3651 eo,
282 3599 371 3658 qui
394 3598 495 3644 duo
525 3598 846 3644 matrimonia
879 3601 1144 3654 contraxit,
1170 3599 1244 3645 al-

184 3670 350 3714 terum
374 3668 614 3721 validum,
643 3667 856 3714 alterum
883 3670 1105 3726 irritum3
1139 3675 1187 3715 et
1219 3683 1249 3715 a

186 3737 383 3784 clericis
415 3741 467 3783 in
494 3739 651 3784 sacris
682 3751 791 3784 eam
824 3739 1148 3797 producimus
1184 3739 1246 3785 ad

1350 1750 1581 1803 minores,
1632 1754 1682 1797 et
1729 1752 1904 1812 laicos:
1956 1755 2006 1800 et
2053 1753 2321 1815 utrobique
2353 1752 2417 1800 de

1351 1824 1526 1883 maj0ri
1551 1823 1612 1868 ad
1639 1826 1820 1870 minus.
1848 1825 1912 1870 Et
1945 1824 2276 1871 nihilominus
2302 1825 2420 1887 qui-

1350 1894 1466 1939 dam
1501 1894 1571 1951 (in
1611 1894 1693 1940 his
1731 1895 1778 1941 S.
1813 1894 1967 1955 Alph.
1998 1894 2104 1950 VII,
2143 1897 2247 1951 446,
2286 1895 2416 1951 447),

1350 1964 1446 2011 sibi
1479 1965 1767 2026 ceteroquin
1812 1968 2150 2021 cohaerentes,
2195 1964 2412 2014 ulterius

1352 2037 1603 2095 progressi
1637 2040 1781 2083 sunt:
1818 2051 1933 2084 nam
1967 2039 2251 2084 statuentes
2285 2038 2413 2085 banc

1351 2107 1791 2167 irregularitatem,
1827 2122 1926 2154 non
1965 2121 2027 2154 ex
2065 2107 2249 2155 delicto
2286 2121 2417 2164 esse,

1351 2177 1438 2222 sed
1459 2191 1520 2222 ex
1540 2177 1734 2223 defectu
1757 2179 2058 2224 sacramenti
2077 2179 2216 2239 (quia
2233 2178 2283 2224 in
2298 2178 2352 2228 C.
2370 2179 2414 2225 4.

1350 2250 1425 2295 De
1458 2251 1651 2307 Biyam.
1688 2263 1788 2296 non
1834 2248 2184 2295 consideratur
2224 2249 2413 2296 crimen

1349 2320 1437 2365 sed
1469 2323 1611 2365 solus
1643 2323 1863 2376 affectus
1895 2321 2195 2367 intentionis
2227 2319 2292 2367 ad
2325 2334 2411 2367 se-

1350 2390 1572 2436 cundum
1622 2391 2037 2449 matrimonium),
2085 2391 2410 2452 irregularem

1349 2474 1463 2506 eum
1492 2474 1690 2522 quoque
1715 2475 1824 2508 esse
1850 2461 2201 2522 pronunciant,
2221 2462 2311 2523 qui
2332 2461 2412 2508 vel

1349 2532 1585 2578 simulate
1618 2535 1742 2579 haec
1778 2532 2100 2579 matrimonia
2142 2531 2412 2585 contraxit,

1349 2602 1427 2648 vel
1462 2602 1589 2649 bona
1621 2603 1743 2649 fide:
1776 2615 1990 2663 quorum
2019 2602 2236 2649 alterum
2264 2604 2419 2663 negat

1348 2672 1521 2732 Laym.
1546 2677 1617 2721 De
1639 2676 1858 2731 Iri-eyul.
1887 2675 2006 2733 Cap.
2029 2673 2114 2726 IV,
2145 2675 2176 2719 5
2207 2674 2259 2719 in
2290 2673 2421 2730 flue;¹

1349 2742 1534 2803 aliique
1559 2758 1712 2803 penes
1736 2744 1877 2792 Suar.
1904 2745 1974 2798 49,
1999 2745 2042 2800 2,
2069 2745 2112 2799 2,
2146 2747 2261 2800 etc.;
2295 2743 2420 2791 alte-

1350 2828 1460 2860 rum
1495 2815 1676 2861 Sanch.
1709 2816 1771 2861 M.
1798 2815 1907 2871 VII,
1938 2816 2011 2867 84,
2036 2817 2085 2865 6;
2121 2818 2184 2870 et,
2206 2819 2264 2863 in
2294 2828 2416 2865 sen·

1351 2888 1514 2932 tentia
1547 2892 1747 2941 nostra,
1772 2888 1886 2947 jure
1919 2900 2140 2947 prorsus.

1416 2958 1466 3001 14
1485 2957 2010 3013 CC.9,10,11,12,13.
2029 2957 2248 3011 Dist.34,
2266 2957 2319 3006 C.
2342 2957 2414 3013 10,

1349 3032 1378 3083 g
1393 3029 1436 3082 6,
1454 3042 1498 3074 v.
1519 3029 1794 3076 Personae.
1808 3030 1882 3075 De
1897 3029 2203 3075 Renunciat.
2221 3026 2280 3074 D.
2294 3027 2419 3076 Tho.

1350 3100 1423 3152 66,
1448 3100 1487 3144 3.
1522 3098 1679 3146 Secus
1713 3099 1757 3145 si
1791 3098 1945 3144 ducat
1978 3110 2077 3144 non
2111 3101 2417 3159 corruptam,

1351 3171 1446 3216 etsi
1489 3170 1697 3216 viduam
1734 3171 1805 3227 (C.
1839 3172 1880 3216 5.
1918 3171 1994 3218 De
2026 3172 2273 3228 Biyam.);
2310 3173 2417 3226 aut,

1354 3242 1538 3295 verius,
1562 3244 1847 3302 corruptam
1871 3257 1899 3287 a
1922 3255 1975 3288 se
1999 3240 2205 3298 (Sanch.
2226 3241 2290 3288 Μ.
2307 3239 2418 3295 VH,

1351 3314 1422 3368 84,
1452 3315 1523 3366 14;
1548 3311 1598 3358 S.
1618 3312 1767 3372 Alph.
1786 3311 1891 3366 VII,
1911 3311 2034 3366 438),
2059 3313 2183 3370 quia
2201 3324 2418 3359 carnem

1351 3396 1501 3430 suam
1535 3396 1638 3429 non
1670 3384 1850 3428 divisit
1881 3385 1937 3428 in
1972 3384 2158 3440 plures
2187 3381 2266 3439 (D.
2295 3380 2420 3428 Tho.

1351 3456 1381 3500 1.
1407 3468 1450 3501 c.
1473 3454 1534 3500 ad
1558 3455 1619 3507 3).
1652 3454 1756 3502 Cur
1787 3456 1956 3499 autem
1985 3453 2092 3499 viro
2125 3466 2223 3499 non
2249 3450 2419 3499 obstet

1351 3527 1394 3571 si
1442 3538 1555 3571 cum
1606 3524 1720 3570 aliis
1768 3523 2046 3570 fornicatus
2088 3523 2252 3574 fuerit,
2286 3522 2418 3568 ratio

1351 3597 1661 3657 perdifficilis
1694 3599 1772 3642 est
1804 3595 1882 3654 (V.
1907 3595 1961 3641 D.
1985 3595 2101 3642 Tho.
2132 3596 2215 3642 cit.
2241 3597 2348 3641 Art.
2373 3594 2420 3641 3.

1350 3667 1582 3714 Bellarm.
1615 3666 1722 3713 Lib.
1758 3666 1794 3712 Ι.
1833 3667 1909 3712 De
1953 3666 2127 3714 Cleric.
2167 3665 2287 3725 Cap.
2330 3662 2420 3710 lv.

1352 3738 1534 3785 Sanch.
1570 3737 1632 3784 Μ.
1656 3737 1762 3791 VII,
1796 3738 1870 3793 84,
1901 3735 1966 3794 9).
