2548 4042
213 42 311 100 182

205 159 359 215 quae
399 142 801 211 legislatorem
843 143 1042 209 movit,
1082 143 1187 201 sed
1227 144 1539 203 voluntate
1577 147 1706 218 ejus
1745 146 2035 204 contineri
2055 123 2126 220 (5

201 239 384 288 tatem
408 236 608 288 autem
632 233 995 303 legislatoris
1016 250 1145 291 eam
1168 250 1316 297 esse,
1335 250 1511 305 quam
1533 237 1716 292 verba
1740 229 2548 337 demonstrant(§18⁴3,‘§}.4J3³f;.

603 60 730 99 »aas
764 58 922 100 ram
953 73 979 86 ·
1012 38 1387 101 rnotnoounu
1406 72 1446 87 ·-
1466 27 2064 117 *rnilcrltinsnfig3s
2088 75 2151 85 .

1568 0 1602 8 μ».
1634 0 1650 11 v
1671 4 1675 11 v
1708 0 1748 25 -ὗ
1777 8 1791 20 4
1811 0 2086 40 ’πξψῗηωῖηὼ
2107 4 2197 42 sus-⁸.
2219 18 2327 41 ,λήψῃ’
2358 19 2395 46 Λή

1944 43 1971 46 ”
2153 42 2313 83 ’,ζα-«ει
2361 51 2374 69 τ

2155 87 2161 94 .
2198 73 2242 99 ἢκ,
2272 66 2407 105 »dato-:-

2407 109 2419 121 ᾗ

2180 88 2206 140 =.·
2227 98 2250 108 .,

2165 145 2222 222 iz

202 323 407 377 Liceat
447 322 632 390 igitur
659 338 731 378 ea
771 325 981 391 regula
1011 324 1121 388 uti;
1153 325 1257 379 sed
1286 324 1345 379 in
1387 325 1667 389 obscuris,
1698 327 1760 381 et
1794 342 1927 382 cuin
1967 327 2205 399 aliquod
2247 329 2455 393 incon-r
2479 392 2482 394 ,

201 412 452 467 veniens
478 411 568 480 (ξὲ
603 414 724 473 186,
760 410 887 484 187)
918 414 1105 481 cogit;
1134 417 1198 469 at
1239 430 1369 469 cum
1413 414 1577 469 nulla
1620 416 1677 469 in
1721 415 1917 471 verbis
1948 421 2038 471 est
2065 417 2456 487 ambiguitas,
2511 419 2515 424 ’

203 504 264 558 et
305 502 447 556 nihil
479 502 640 570 cogit
669 518 741 557 ea
769 504 1111 572 protrahere
1142 504 1235 558 vcl
1270 519 1561 566 coercere,
1592 506 1789 560 verbis
1833 505 1983 575 legis
2024 509 2116 562 est
2154 508 2454 572 standum,
2546 523 2548 526 ·

199 588 437 644 tametsi
482 588 632 643 ratio
675 588 825 657 legis
869 589 925 643 in
972 590 1105 658 lege
1149 591 1274 659 ipsa
1314 591 1390 644 sit
1430 605 1709 659 expressa
1742 590 1872 663 (56),
1909 596 1969 648 et
2011 594 2325 648 manifesta
2365 592 2457 649 vi·-
2491 578 2531 585 '¹

200 681 414 735 deatur
454 679 581 750 (57).
626 681 823 750 quue
872 680 1062 749 magis
1110 681 1307 734 verbis
1357 681 1781 735 inhaerendum
1826 681 1956 745 erit,
2000 682 2047 736 si
2094 672 2462 739 alterutrum

203 771 381 830 desit;
427 769 592 830 idest,
633 770 679 823 si
724 769 876 823 ratio
919 770 1071 838 legis
1111 770 1206 824 vel
1249 785 1360 822 non
1405 770 1744 825 continetur
1786 771 1841 824 in
1887 771 2042 843 lege,-
2070 773 2165 827 vel
2208 787 2324 827 non
2363 774 2460 829 est
2509 799 2512 801 ·

199 859 514 914 manifesta
541 857 672 928 (58).
718 859 790 912 Et
832 859 878 912 si
924 860 1076 913 desit
1121 863 1450 928 utrumque,
1498 859 1655 913 illam
1700 860 1999 930 inquirere
2043 877 2150 916 uec
2180 859 2466 932 oportet:⁴

198 950 431 1018 alioquin
469 951 638 1001 multa
677 965 741 1001 ex
780 950 861 999 Itis
900 963 1130 1018 quoque
1171 965 1300 1017 quae
1349 955 1491 1002 certa
1531 955 1660 1002 sunt
1697 953 2063 1003 subvertentur
2101 950 2232 1024 (59).
2271 951 2344 1008 Et
2386 953 2455 1007 ut

266 1119 328 1164 55
361 1118 504 1165 Suar.
541 1118 624 1170 VI,
659 1120 700 1172 3,
736 1118 804 1165 ll.
826 1119 923 1175 Qui
953 1118 1099 1163 docet
1131 1118 1283 1164 ratio·

204 1203 324 1236 nem
345 1189 490 1249 legis,
508 1202 570 1234 ne
589 1193 782 1233 certum
804 1189 1010 1249 quidem
1036 1188 1279 1234 indicium

205 1275 319 1307 esse
371 1260 657 1307 voluntatis
707 1259 1018 1318 legislatoris
1068 1262 1139 1315 (n.
1192 1261 1279 1317 1⁶2„

201 1333 441 1392 quamvis
476 1333 865 1386 multumjuvet
890 1334 960 1375 ad
998 1344 1113 1377 eam
1137 1334 1278 1378 dete·

203 1406 434 1461 yendam
459 1401 635 1458 (Salm.
661 1399 749 1454 XI,
779 1403 824 1454 4,
856 1401 948 1453 26).
975 1400 1180 1447 Scilicet
1207 1414 1284 1447 ra-

208 1474 280 1519 tio
323 1473 639 1519 voluntatem
687 1474 873 1523 movet,
914 1470 1152 1517 voluntas
1197 1470 1283 1518 lex

208 1547 289 1591 est
312 1543 476 1603 (Suar.
507 1545 572 1595 14,
598 1543 669 1596 20,
707 1542 790 1600 10).
819 1542 950 1588 Sane
985 1543 1036 1587 in
1062 1543 1117 1590 C.
1141 1545 1182 1588 4.
1208 1544 1283 1589 De

210 1617 254 1661 S.
270 1617 322 1660 Ε.
341 1616 391 1660 in
409 1615 459 1659 6⁰
477 1618 685 1660 cautum
707 1621 803 1667 est,
821 1613 1102 1672 Episcopos
1124 1614 1281 1659 eximi

210 1701 240 1733 a
262 1687 692 1743 suspensionibus
714 1688 763 1729 et
784 1685 1077 1730 interdictis
1100 1684 1148 1728 in
1168 1685 1281 1743 Jure

207 1758 344 1810 latis,
378 1758 477 1803 nisi
513 1760 562 1802 et
598 1758 649 1801 in
683 1757 822 1814 ipsos
858 1756 963 1801 lata
988 1755 1093 1800 sint
1125 1755 1280 1800 nomi-

207 1830 386 1882 natim,
420 1842 600 1887 nempe
620 1832 833 1884 propter·
859 1828 1171 1873 exercitium
1206 1827 1282 1885 of·

204 1901 315 1960 ficii
341 1901 680 1956 pontificalis.
706 1898 782 1942 Ex
817 1897 911 1943 hac
946 1898 1138 1942 ratione
1175 1899 1281 1955 (ex-

208 1970 354 2016 clusa
399 1969 577 2029 regula
620 1971 815 2022 nostra)
859 1967 1130 2013 dicendum
1171 1970 1278 2021 erit,

207 2042 489 2101 Episcopos
532 2044 765 2085 nondum
815 2045 1145 2085 consecratos
1187 2039 1281 2084 hoc

205 2110 477 2171 privilegio
510 2124 610 2156 non
643 2110 741 2166 uti;
776 2113 1098 2155 consecratos
1123 2111 1278 2155 etiam

206 2182 373 2242 quoad
394 2183 986 2229 est-communicationem
1001 2194 1057 2226 eo
1071 2182 1146 2225 uti
1167 2194 1281 2240 pos-

204 2266 285 2308 se;
309 2266 438 2312 quae
463 2266 610 2298 nemo
629 2264 854 2312 unquam
879 2250 1014 2297 dixit
1036 2251 1114 2309 (V.
1134 2251 1278 2297 Suar.

205 2327 280 2372 De
308 2327 521 2371 Cen-sur.
546 2325 619 2377 28,
643 2324 687 2379 2,
709 2325 776 2373 7).

263 2395 323 2439 56
359 2395 503 2443 Suar.
535 2394 619 2449 VI,
643 2395 678 2449 I,
708 2394 777 2447 19,
811 2395 884 2439 20.
916 2395 1279 2441 Denunciatio-

208 2479 300 2512 nes
346 2467 658 2512 matrimonii
702 2466 1022 2512 introductae
1062 2469 1184 2512 sunt
1217 2466 1280 2511 ad

206 2536 492 2596 detegenda
526 2538 724 2583 occulta
768 2539 1068 2597 nuptiarum
1111 2539 1274 2596 impe-

204 2609 433 2654 dimenta
467 2609 539 2657 (Ο.
578 2610 605 2653 3
638 2612 712 2655 De
752 2610 931 2655 Claud.
968 2610 1170 2666 Desp.);
1202 2609 1279 2653 fas

205 2693 323 2738 ergo
373 2681 531 2725 eritne
582 2679 815 2739 parochis
865 2680 980 2725 illas
1030 2680 1279 2731 omittere,

204 2752 326 2811 quia
359 2750 456 2796 sibi
492 2752 775 2796 certissime
823 2754 1041 2802 constat,
1078 2750 1280 2795 nullum

203 2836 379 2868 revera
398 2821 820 2881 impedimentum
841 2822 1052 2867 subesse
1073 2820 1277 2873 (Sanch.

205 2892 376 2943 M.111,
400 2894 442 2941 5,
469 2894 510 2936 6.
537 2892 677 2938 Pont.
706 2893 767 2937 M.
798 2892 855 2937 V.
880 2891 950 2936 30.
976 2890 1056 2943 3)?

267 2965 322 3009 57
339 2963 394 3008 V.
414 2964 557 3010 Suar.
573 2963 655 3018 VI,
673 2962 931 3017 1,20.Utin
951 2962 1082 3007 Trid.
1102 2960 1280 3015 XXIV,

204 3035 261 3080 R.
296 3035 361 3079 M.
393 3037 435 3086 6,
468 3048 568 3094 quo
603 3040 826 3088 cavetur,
862 3036 993 3079 inter
1025 3039 1278 3094 raptorem

209 3112 256 3149 et
292 3111 507 3164 raptam,
533 3106 779 3166 quamdiu
803 3107 917 3166 ipsa
950 3107 1000 3151 in
1025 3109 1280 3165 potestate

204 3177 423 3234 raptoris
458 3179 719 3231 manserit,
746 3178 944 3223 nullum
979 3191 1131 3237 posse
1162 3190 1278 3223 con-

206 3247 388 3292 sistere
408 3248 803 3293 matrimonium.
827 3248 934 3293 Hoc
957 3262 1015 3294 eo
1036 3251 1282 3308 spectare,

215 3320 274 3362 ut
306 3316 464 3362 libera
504 3318 607 3361 sint
649 3319 987 3373 matrimonia,
1025 3319 1280 3364 neminem

211 3388 476 3447 praeterit:
504 3391 552 3430 et
574 3387 924 3442 nihilominus,
949 3390 994 3434 si
1028 3390 1144 3448 quis
1169 3403 1280 3434 mu-

212 3458 385 3503 lierem
431 3458 603 3516 rapuit
647 3460 704 3501 ut
749 3459 860 3517 Sej0
899 3458 1128 3514 nuberet,
1172 3436 1281 3520 Sefio

207 3529 384 3578 inscio,
434 3528 813 3573 matrimonium
859 3531 967 3574 sive
1011 3543 1128 3576 cum
1169 3531 1281 3590 Sejo

211 3600 318 3644 sive
344 3611 459 3644 cum
486 3603 686 3658 raptore
711 3600 1046 3654 contractum,
1070 3602 1283 3646 muliere

208 3669 307 3714 sub
339 3674 591 3729 potestate
626 3683 797 3715 eorum
834 3676 1085 3728 manente,
1109 3675 1280 3718 ratum

204 3752 320 3785 esse
356 3740 730 3787 translatitium
767 3743 859 3786 est.

1449 1120 1507 1164 58
1542 1119 1639 1165 LL.
1663 1119 1734 1172 20,
1761 1120 1832 1174 21,
1857 1122 1900 1167 h.
1925 1126 1957 1166 t.
1983 1121 2038 1167 V.
2061 1135 2126 1182 g.,
2151 1134 2244 1168 cur
2265 1122 2463 1183 irregu-
2494 1159 2498 1162 .

1388 1190 1565 1237 laritas
1600 1190 1662 1237 ob
1687 1191 1938 1238 defectum
1964 1192 2194 1240 lenitatis
2218 1206 2319 1240 non
2342 1206 2464 1240 con·

1388 1261 1622 1308 trahatur
1656 1276 1717 1307 ex
1765 1262 2039 1310 homicidio
2081 1264 2307 1311 admisso
2340 1266 2464 1311 ante

1387 1332 1715 1392 baptismum,
1747 1346 1806 1378 ex
1834 1332 2057 1393 bigamia
2079 1347 2196 1381 vero
2224 1338 2342 1381 ante
2363 1333 2456 1381 ba-

1386 1403 1633 1461 ptismum
1658 1404 1887 1451 admissa
1905 1404 2268 1452 contrahatur?
2286 1404 2460 1461 (Suar.

1389 1475 1463 1520 De
1490 1474 1701 1520 Cen-sur.
1727 1477 1801 1526 44,
1825 1474 1867 1527 3,
1894 1474 1962 1530 3);
1985 1488 2075 1521 cur
2097 1474 2310 1522 dimidia
2334 1489 2461 1536 pars

1386 1545 1616 1591 thesauri
1642 1543 1790 1591 cedat
1821 1544 2024 1591 domino
2045 1544 2214 1599 fundi;
2243 1558 2334 1592 cur
2353 1548 2459 1593 tur·

1386 1629 1476 1675 pes
1524 1615 1603 1661 vel
1654 1614 1997 1675 impossibiles
2040 1615 2354 1663 conditiones
2402 1615 2465 1663 in·

1387 1688 1726 1733 matrimoniis
1756 1701 1846 1747 pro
1878 1700 1979 1733 non
2001 1688 2210 1747 scriptis
2235 1686 2462 1735 habean-
2513 1718 2518 1723 -

1387 1757 1505 1803 tur?
1540 1758 1657 1816 (CC.
1696 1760 1736 1808 l,
1769 1760 1809 1802 7.
1847 1759 1923 1806 De
1959 1757 2156 1818 Condit.
2186 1769 2365 1816 appas.
2395 1757 2461 1804 V.
2516 1800 2519 1802 ,

1386 1829 1567 1875 Sanch.
1602 1829 1662 1874 M.
1687 1828 1745 1882 V,
1780 1829 1924 1888 Disp.
1950 1830 2011 1886 3).
2044 1827 2103 1875 In
2137 1828 2192 1878 C.
2224 1830 2252 1872 4
2276 1830 2351 1877 De
2374 1827 2455 1877 Se·

1379 1902 1514 1957 pult.
1536 1901 1588 1944 in
1613 1900 1660 1942 6⁰
1683 1903 1892 1945 cautum
1917 1903 2008 1953 est,
2033 1898 2462 1959 patremfamilias

1386 1984 1535 2030 posse
1585 1971 1766 2029 eligere
1821 1970 2142 2030 sepulturam
2188 1984 2279 2031 pro
2331 1970 2456 2018 filiis
2540 2017 2543 2022 .

1385 2041 1757 2101 impuberibus3
1814 2054 1995 2102 nempe
2051 2043 2186 2101 quia,
2235 2055 2296 2088 ex
2339 2043 2459 2103 J’ure

1385 2113 1659 2166 communi,
1682 2115 2047 2158 testamentum
2083 2126 2172 2171 pro
2195 2111 2270 2158 eis
2291 2111 2458 2159 facere
2531 2166 2534 2168 ,

1386 2186 1602 2242 poterat:
1639 2182 1904 2242 numquid,
1930 2183 2052 2242 quia
2084 2182 2235 2230 hodie
2268 2182 2323 2229 id
2352 2197 2456 2247 non

1386 2258 1567 2312 potest,
1602 2254 1901 2313 prohibetur
1948 2254 2098 2300 hodie
2131 2267 2220 2314 pro
2258 2253 2334 2300 eis
2368 2267 2458 2302 se·
2496 2312 2501 2316 .

1385 2324 1646 2383 pulturam
1681 2324 1899 2384 eligere?
2413 2353 2416 2356 ‹

1445 2395 1503 2440 59
1537 2395 1634 2440 LL.
1669 2396 1742 2449 ρο,
1769 2396 1841 2448 21,
1873 2398 1920 2442 h.
1957 2401 1988 2441 t.
2011 2395 2142 2443 Hinc
2169 2395 2425 2443 erravitn
2495 2411 2497 2413 ·
2530 2377 2535 2380 ’

1384 2466 1591 2519 Just.II,
1605 2466 1822 2521 V111,54,
1841 2481 1999 2527 quum
2019 2470 2180 2522 ratae,
2195 2466 2457 2527 impedim.

1384 2537 1617 2595 publicae
1669 2541 1955 2584 honestatis
2010 2539 2061 2584 in
2111 2537 2457 2585 matrimoniis

1385 2608 1746 2654 contrahendis
1770 2608 2119 2654 introductum
2152 2606 2312 2654 fuisse
2337 2608 2465 2669 jure
2498 2629 2501 2633 ⁴

1385 2679 1625 2724 canonico
1650 2682 1720 2723 ad
1746 2682 1939 2725 tuenda
1970 2690 2279 2736 sponsorum
2298 2682 2459 2737 jura,
2536 2728 2538 2730 ,

1385 2747 1572 2802 docuit,
1590 2750 1824 2795 rescissis
1841 2751 2018 2795 mutuo
2036 2763 2287 2797 consensu
2306 2764 2457 2810 spon-

1383 2818 1592 2875 salibus,
1611 2834 1934 2867 evanescere:
1957 2824 2007 2866 et
2025 2820 2127 2867 Sot.
2146 2822 2199 2866 in
2216 2820 2300 2866 IV.
2318 2821 2455 2870 Dist.
2522 2818 2545 2843 ·’

1382 2888 1453 2943 35,
1484 2903 1528 2949 q.
1559 2904 1644 2937 un.
1680 2895 1771 2936 art.
1806 2892 1850 2946 2,
1882 2893 1968 2951 qui
2004 2894 2210 2951 putans,
2242 2891 2459 2952 impedi·
2544 2903 2548 2962 f

1382 2964 1612 3006 mentum
1645 2964 1961 3007 conditionis
1992 2963 2249 3007 statutum
2291 2963 2455 3010 fuisse

1383 3031 1445 3077 ad
1491 3033 1825 3091 reparandam
1873 3033 2115 3093 injuriam
2159 3033 2350 3080 homini
2385 3034 2453 3081 li-

1385 3103 1498 3149 bero
1532 3103 1746 3157 illatam,
1781 3104 2113 3157 existimavit,
2146 3117 2248 3150 non
2281 3104 2456 3153 dirimi
2541 3140 2548 3162 z

1381 3175 1424 3220 si
1460 3175 1504 3221 is
1539 3175 1781 3234 deceptus
1814 3176 1912 3221 fuit
1954 3189 2116 3220 errore
2152 3188 2245 3221 suo
2282 3189 2458 3227 crasso

1382 3249 1431 3291 et
1465 3247 1648 3305 supino
1683 3245 1764 3304 (V.
1797 3245 1982 3292 Sanch.
2015 3245 2078 3291 M.
2113 3245 2221 3299 Vll,
2261 3248 2328 3302 19,
2364 3248 2455 3306 19).
2543 3253 2548 3259 '

1381 3317 1438 3361 In
1471 3317 1523 3364 C.
1557 3317 1616 3360 22
1652 3320 1725 3364 De
1757 3318 1805 3362 S.
1830 3318 1884 3363 Ε.
1922 3317 1975 3362 in
2018 3316 2072 3361 6⁰
2105 3320 2314 3364 cautum
2361 3320 2455 3374 est,

1381 3387 1613 3434 absoluto
1649 3387 1709 3433 ab
1743 3387 1974 3434 inferiore
2010 3388 2061 3433 in
2094 3389 2399 3436 necessitate
2424 3403 2459 3437 a

1383 3460 1612 3504 censuris
1661 3459 1950 3510 reservatis,
2001 3457 2291 3504 adeundum
2338 3473 2455 3506 esse

1383 3532 1693 3589 superiorem
1712 3530 2114 3590 quamprimum:
2131 3529 2301 3584 Avila,
2315 3529 2456 3576 Hen·
2504 3524 2506 3527 ’

1382 3603 1475 3662 riq.
1505 3601 1763 3647 Navarrus
1795 3601 1964 3654 26,26,
1992 3599 2106 3651 rati,
2131 3599 2184 3644 id
2206 3598 2319 3646 ideo
2343 3603 2449 3648 sta·
2524 3644 2527 3646 ,

1380 3675 1551 3718 tutum
1586 3672 1760 3727 fuisse,
1785 3674 1843 3716 ut
1865 3672 2104 3730 appareat
2138 3683 2252 3716 eum
2285 3669 2450 3718 fuisse

1382 3743 1709 3790 emendatum
1743 3745 1793 3789 et
1826 3740 2138 3788 satisfecisse
2185 3742 2320 3802 parti
2350 3742 2455 3810 lae·
2527 3727 2548 3812 '1³‘

2527 3911 2548 3929 ,t-

2452 4021 2509 4042 ..(Α.

2512 3878 2548 3916 ga·
