2548 4042
159 30 260 87 116
461 44 588 84 rans
622 42 821 81 rain·
844 39 1257 80 monacnum-
1278 37 1452 79 τιιιοτ.
1473 36 1525 77 11.
1542 0 1625 78 ni-
1631 0 1860 78 amaus
1844 0 1995 79 iffi!
1981 0 2184 82 fin..

153 131 413 190 habilem
462 126 809 198 simpliciter
855 127 1085 187 vocant,
1119 124 1253 177 hano
1290 128 1496 177 tantum
1538 120 1902 192 intelligunt.
1942 120 2152 192 Itaque
2195 79 2512 204 opinion,

155 221 472 294 probabilis
511 233 583 274 ea
622 220 731 278 est,
764 233 893 286 quae
931 221 1039 269 tam
1071 215 1230 284 gravi
1263 229 1323 266 ac
1363 212 1523 265 solido
1563 213 1758 264 nititur
1781 210 2156 277 fundamento,
2183 211 2264 264 vol
2299 210 2410 264 ἰσι-
2426 204 2521 290 ss]

157 315 373 367 trmseco
402 310 636 371 racionis,
661 308 744 360 vel
774 307 1056 359 castrinsem
1092 303 1437 365 auctoritate,
1464 306 1529 354 uc
1566 301 1769 354 trahere
1807 300 1878 353 acl
1913 314 1967 352 so
2006 301 2179 354 valeat
2213 314 2396 354 asson·
2480 299 2520 346 “3

155 417 273 454 sum
312 402 419 452 viri
448 398 739 467 prudentis,
777 396 931 447 etiam
969 410 1089 447 cum
1115 392 1406 459 formidine
1448 390 1658 459 oppositi
1683 387 1813 458 (19).

235 489 356 543 129.
387 487 463 541 At
498 500 637 539 vero
680 483 1059 554 piobabilitas
1102 485 1292 550 potest
1343 494 1471 534 esse
1516 478 1607 533 vel
1651 479 1936 543 absoluta,
1978 477 2071 533 vel
2123 476 2397 534 relativa.

151 578 439 632 Absoluta
479 590 550 630 ea
577 577 668 629 est
696 573 789 627 cui
823 572 1001 633 nulla,
1033 570 1282 625 relativa
1322 569 1414 622 cui
1458 568 1576 622 alia
1615 567 1992 637 probabilitas
2031 563 2161 640 (seu
2201 565 2401 637 opinio

155 666 491 739 probabilis)
514 666 632 719 stat
656 678 730 718 ex
758 663 1021 716 adverso.
1046 661 1288 724 Quando
1313 659 1493 726 igitur
1522 658 1672 711 duae
1696 657 2026 712 contrariae
2058 655 2399 712 sententiae

156 758 511 812 concurrunt
551 754 705 808 ultro
751 753 1032 821 citroque,
1080 750 1384 818 utriusque
1443 746 1838 816 probabilitas,
1897 761 2010 801 uon
2066 762 2141 802 ex
2198 746 2400 815 seipsa
2489 760 2493 762 ·
2540 745 2548 753 “

155 850 404 907 tantum,
445 843 550 899 sed
611 858 684 897 ex
741 840 1152 912 probabilitate
1212 837 1460 892 alterius
1513 851 1744 905 quoque
1799 835 1993 890 metiri
2051 835 2226 890 debet
2255 832 2398 906 (20);

155 936 373 993 etenim
414 948 590 1003 saepe
632 933 813 1001 major
859 930 1030 985 unius
1073 927 1450 998 probabilitas
1490 925 1737 979 alterius
1780 923 2252 994 probabilitatem
2290 924 2404 980 aut

154 1025 492 1088 labefactat,
533 1026 636 1078 aut
677 1023 821 1075 elidit
846 1020 979 1092 (21).
1023 1019 1278 1079 Scilicet,
1323 1017 1543 1070 veritas
1595 1015 1942 1068 divisionem
1986 1028 2103 1068 non
2160 1012 2400 1083 recipit;

153 1119 448 1187 quatenus
507 1112 694 1184 igitur
748 1126 865 1165 una
919 1125 992 1164 ex
1046 1109 1133 1164 eis
1193 1105 1429 1161 veritati
1482 1105 1745 1174 proprius
1798 1104 2083 1158 accedere
2143 1101 2402 1167 videtur,

153 1210 404 1262 eatenus
443 1204 693 1259 alteram
735 1203 807 1255 ab
851 1216 921 1255 ea
964 1200 1241 1254 recedere
1286 1196 1469 1250 videri
1520 1210 1760 1250 necesse
1818 1197 1923 1248 est.
1981 1194 2157 1249 Porro
2215 1193 2404 1264 major

153 1293 551 1365 probabilitaS,
576 1307 692 1362 qua
717 1306 832 1344 una
853 1288 1154 1344 sententia
1176 1288 1423 1341 alteram
1455 1289 1789 1354 exsuperat,
1813 1287 1917 1338 aut
1945 1299 2147 1352 parum
2174 1281 2401 1353 aliquid

154 1387 262 1446 est,
302 1384 408 1437 aut
449 1381 781 1451 plurimum,
821 1383 926 1432 aut
967 1378 1232 1431 multum.
1275 1376 1328 1430 Si
1390 1390 1583 1444 parum
1625 1389 1726 1443 pro
1786 1373 1969 1427 nihilo
2031 1372 2407 1442 reputabitur

153 1472 209 1545 (ἓ
236 1474 325 1535 32,
359 1471 479 1541 23);
521 1473 700 1541 atque
744 1470 873 1523 ideo
917 1470 1166 1536 utraque
1208 1464 1508 1520 sententia
1548 1463 1897 1517 aestimatur
1939 1462 2157 1532 pariter
2182 1461 2320 1532 (22);
2351 1462 2401 1517 si

140 1567 463 1635 plurimum,
492 1561 575 1615 ita
603 1576 810 1628 nempe
841 1561 905 1613 ut
946 1558 1139 1613 altera
1180 1570 1338 1617 ver0,
1380 1554 1573 1608 altera
1614 1552 1761 1605 falso
1806 1552 2068 1621 proxima
2107 1551 2408 1616 videatur,

153 1655 329 1724 huJus
371 1651 753 1722 probabilitas
794 1647 1059 1710 eliditur;
1111 1647 1170 1701 et
1212 1659 1382 1715 quae,
1427 1643 1484 1696 in
1528 1659 1582 1695 se
1620 1648 1861 1712 spectata,
1901 1655 2043 1696 vere
2086 1640 2410 1711 probabilis

153 1744 484 1805 videbatur,
516 1741 574 1795 in
613 1739 892 1800 tenuiter,
936 1738 1031 1792 vel
1075 1736 1282 1790 saltem
1322 1734 1379 1787 in
1411 1733 1585 1787 dubie
1622 1731 1998 1803 probabilem,
2038 1729 2272 1785 desinit.
2300 1728 2403 1786 Sin

153 1835 397 1897 multum,
428 1828 790 1900 quaestionis
819 1829 927 1891 est,
972 1830 1169 1881 utrum
1209 1825 1392 1893 major
1433 1822 1609 1876 unius
1654 1821 2034 1891 probabilitas
2075 1819 2261 1875 elidat
2299 1819 2406 1875 mi·
2450 1818 2459 1827 '

150 1938 354 1995 norem
395 1919 870 1991 probabilitatem
911 1915 1185 1971 alterius:
1226 1911 1581 1968 Tutioristae
1622 1911 1915 1965 affirmant
1947 1907 2086 1983 (23);
2127 1908 2404 1965 Probabi-

152 2134 327 2179 ovium
346 2131 545 2188 (Bonac.
563 2131 635 2175 De
647 2130 844 2175 Peccat.
861 2126 999 2183 Disp.
1019 2124 1062 2178 2,
1074 2124 1224 2180 Quae.

152 2207 196 2250 4.
207 2203 259 2249 P.
270 2203 313 2257 2,
325 2202 484 2260 ῃ.12);
504 2201 1036 2257 communiores,quas
1049 2197 1224 2255 maj0r3

152 2275 629 2335 communias-imae,
671 2283 800 2330 quas
850 2269 1075 2313 maxima
1108 2279 1227 2326 pars

152 2357 329 2394 eorum
363 2347 513 2390 tenet.
549 2342 656 2387 Hae
691 2341 831 2385 velut
859 2351 1070 2386 sensum
1092 2350 1227 2383 com-

150 2428 374 2462 munem.
410 2415 506 2460 TT.
544 2411 846 2467 ostendunt3
890 2408 1226 2456 nihilominus

1330 2131 1444 2177 dub.
1480 2132 1541 2186 4).
1589 2132 1772 2188 Opinio
1811 2133 2103 2190 probabilis
2138 2137 2227 2186 esc,
2266 2145 2407 2192 quae

1329 2204 1538 2249 ratione
1559 2204 1787 2258 alicujus
1810 2205 2053 2251 momenti
2077 2204 2301 2257 nititur:
2324 2205 2407 2252 ita

1333 2278 1523 2324 tamen,
1563 2277 1626 2318 ut
1649 2286 1747 2329 pro
1781 2275 2013 2330 opposita
2036 2276 2170 2321 nihil
2190 2277 2406 2323 convin-

1332 2420 1410 2461 est
1442 2416 1712 2462 Judicium
1739 2419 1994 2463 incertum
2029 2419 2218 2464 motivo
2249 2420 2402 2465 abso·

1330 2357 1450 2391 cens
1471 2346 1538 2388 sit
1558 2343 1765 2390 ‹Sanch.-
1782 2343 1897 2390 Dec.
1920 2344 1950 2395 I.
1975 2343 2055 2398 IX,
2078 2346 2140 2398 5).
2166 2345 2408 2404 Brevius;
2468 2353 2483 2360 ·
2543 2391 2548 2407 ,

152 2500 254 2533 non
269 2489 347 2532 est
361 2484 668 2537 inauditum,
683 2483 904 2542 aliquam
921 2480 1228 2527 sententiam

150 2571 264 2605 esse
287 2555 774 2605 communissimam,
808 2558 857 2597 et
889 2551 1225 2597 nihilominus

150 2628 457 2675 contrariam
492 2625 735 2670 veriorem
764 2637 873 2669 esse
899 2622 975 2680 (V.
1000 2622 1047 2667 S.
1076 2619 1224 2680 Alph.

152 2698 238 2754 VI,
261 2698 392 2753 427);
417 2697 572 2742 immo
590 2694 927 2748 verissimam,
950 2695 999 2737 et
1023 2693 1227 2738 omnino

149 2769 444 2816 tenendam.

217 2841 271 2885 19
295 2839 344 2887 S.
367 2838 521 2899 Alph.
543 2836 580 2893 1,
604 2838 676 2883 44.
699 2835 831 2882 Edit.
862 2835 989 2880 1762.
1013 2834 1226 2880 Brevius

151 2924 269 2959 cum
303 2911 422 2957 Ben.
454 2907 571 2955 XIV
603 2908 676 2967 (B.
705 2908 999 2965 A-postolica
1034 2905 1227 2950 Consta·-

148 2984 278 3029 tutio
310 2985 339 3034 ἕ
370 2981 462 3038 21),
496 2991 655 3037 quam
687 2979 828 3024 ratio
862 2979 1052 3023 suadet
1074 2979 1124 3024 ec
1138 2977 1229 3034 fir-

150 3057 266 3098 mat
296 3053 603 3097 auctoritas,

213 3121 273 3166 20
296 3123 372 3166 Ex
396 3120 450 3166 L.
469 3121 523 3164 21
546 3124 575 3175 ἓ
599 3121 634 3166 1.
655 3121 731 3167 De
756 3120 936 3166 Testib.
955 3118 1007 3166 C.
1027 3117 1085 3162 32
1107 3117 1227 3163 Εοα.

154 3195 234 3239 eit.
260 3191 408 3250 Vasq.
434 3192 485 3236 in
515 3192 552 3245 l,
570 3191 610 3244 2,
629 3190 768 3249 Disp.
787 3189 859 3243 62,
882 3190 1001 3249 Cap.
1020 3189 1063 3244 4,
1082 3201 1128 3234 n.
1159 3188 1226 3232 17.

151 3260 297 3319 Quod
337 3260 807 3315 Probabilistarum,
846 3261 935 3319 qui
980 3258 1227 3305 moderati

151 3334 417 3385 vocantur,
450 3345 596 3377 nemo
632 3344 765 3376 unus
802 3331 1059 3376 diffitetur.
1096 3331 1227 3377 Sane

150 3404 335 3451 horum
354 3402 721 3460 antesignanus
739 3402 873 3448 Bart.
893 3402 1110 3456 Medma,
1135 3407 1228 3458 est,

153 3474 243 3528 ait,
272 3474 450 3531 opinio
472 3474 769 3530 probabilia,
795 3486 953 3530 quam
977 3478 1229 3520 asserunt

152 3547 259 3591 viri
287 3545 570 3601 sapientes,
604 3547 651 3591 ec
680 3545 996 3602 confirmant
1029 3548 1227 3601 optima

151 3619 469 3672 armamenta
500 3625 638 3665 QUAE
666 3625 815 3665 seem
848 3626 997 3661 Num.
1030 3627 1223 3661 meao-

151 3696 343 3733 Bamnn
387 3698 482 3734 sssr
524 3683 693 3744 (Medi.
723 3686 763 3740 l,
794 3685 839 3740 2,
869 3697 917 3744 q.
953 3685 1022 3741 19,
1056 3690 1148 3732 art.
1182 3688 1226 3742 6,

1332 2488 1436 2533 luce
1462 2491 1511 2533 et
1532 2498 1852 2534 RESPEC‘HVE
1867 2489 2025 2543 =oravi
2036 2502 2053 2533 .·
2073 2487 2144 2534 ita
2160 2487 2236 2535 La
2251 2488 2406 2537 Croix

1330 2558 1360 2613 Ι,
1389 2558 1486 2610 108,
1520 2559 1609 2618 qui
1642 2560 1876 2611 testatur,
1902 2557 2031 2604 hanc
2058 2557 2406 2606 definitionem

1331 2642 1442 2674 esse
1490 2631 1991 2674 communissimam.
2035 2629 2184 2675 Porro
2233 2629 2408 2690 opinio

1331 2699 1620 2759 probabilis,
1654 2700 1735 2745 cui
1760 2699 1903 2745 nulla
1929 2701 2103 2760 gravis
2136 2699 2430 2760 probabili-v

1331 2774 1410 2815 tas
1444 2772 1549 2815 stat
1582 2783 1644 2814 ex
1679 2769 1906 2825 adverso,
1944 2772 2096 2818 unice
2109 2772 2408 2829 probabilis

1330 2839 1431 2886 dici
1464 2840 1607 2885 solet.

1390 2910 1438 2955 21
1470 2911 1542 2959 Cf.
1573 2910 1700 2957 Viva
1732 2913 1783 2957 in
1818 2911 1962 2957 Alex.
1989 2911 2125 2971 VIII,
2155 2913 2198 2959 3.
2223 2911 2411 2960 Proba-

1330 2981 1579 3028 bilitatem
1595 2982 1811 3043 alicujus
1828 2983 2079 3042 opinionis
2100 2985 2292 3032 elidere
2308 2987 2407 3040 est,

1330 3066 1439 3099 eam
1465 3053 1750 3112 opinionem
1771 3053 2150 3113 improbabilem
2170 3054 2404 3101 reddere:

1331 3127 1388 3169 ut
1411 3137 1520 3170 ecce
1546 3124 1801 3171 sententia
1822 3123 2118 3172 Bellarmini
2143 3125 2204 3172 de
2231 3137 2408 3172 neces-

1329 3194 1463 3240 saria
1525 3196 1804 3240 intentione
1864 3194 2171 3255 baptizantis
2226 3198 2406 3244 contra

1329 3264 1499 3311 Ambr.
1517 3265 1865 3319 catherinam,
1887 3275 2001 3326 post
2024 3267 2319 3314 damnatam
2341 3265 2409 3314 ab

1330 3335 1471 3381 Alex.
1488 3335 1580 3386 VII,
1601 3350 1738 3396 prop.
1757 3337 1830 3383 30.
1848 3337 1903 3382 V.
1922 3337 1973 3384 S.
1989 3337 2138 3398 Alph.
2152 3337 2227 3395 VI,
2245 3337 2319 3385 23.

1389 3406 1448 3450 22
1481 3407 1528 3452 S.
1553 3406 1702 3466 Alph.
1734 3407 1765 3462 1,
1799 3409 1859 3452 55
1891 3408 2046 3466 (Edit.
2071 3407 2173 3468 V1).

1390 3477 1448 3521 23
1470 3476 1689 3523 Billuart
1712 3479 1788 3526 De
1814 3480 1967 3525 Actib.
1989 3481 2129 3526 hum.
2150 3480 2257 3527 Art.
2284 3479 2300 3523 l
2326 3491 2407 3539 pr.

1329 3546 1475 3600 Sane,
1508 3549 1666 3608 ajunt,
1706 3550 1752 3594 si
1796 3562 1858 3594 ex
1903 3549 2137 3596 undecim
2181 3547 2404 3596 testibus

1329 3618 1519 3677 pariter
1566 3618 1665 3664 fide
1715 3619 1903 3678 dignis,
1945 3620 2168 3680 quinque
2214 3621 2407 3679 negent

1328 3689 1500 3748 Sejum
1533 3702 1676 3736 reum
1709 3704 1837 3747 esse,
1871 3692 2094 3752 quinque
2126 3691 2301 3737 autem
2322 3689 2403 3736 af·
