2548 4042
41 0 45 1 ’
142 0 243 54 ⁴12
394 12 520 52 raas
554 11 755 53 ram·
778 10 1143 52 mousom».
1166 20 1191 36 ·
1195 9 1387 52 macr.
1413 9 1497 52 vu·
1520 6 1609 57 Μ
1618 0 2164 68 mammutium&
2206 0 2289 75 ’Ἰ

139 99 264 155 ceri
307 97 504 169 possit,
547 111 646 152 eos
687 94 1189 164 irregularitatem
1217 110 1333 150 non
1360 89 1742 155 contrahere.
1785 99 1907 154 tum
1936 98 2077 169 quia
2101 86 2298 157 verba
2298 78 2434 174 ἰιὲζιὲᾒ

137 186 356 242 odiosis
385 184 677 255 recipiunt
707 185 1259 254 interpretationem
1286 199 1387 240 reo
1415 184 1901 252 favorabiliorem,
1925 189 2045 244 tum
2068 188 2208 259 quia
2226 188 2376 247 baec

142 274 554 345 irregularitas
603 273 748 328 satis
795 273 974 328 dubia
1021 275 1131 337 est,
1172 276 1300 328 tum
1341 274 1482 345 quia
1521 289 1708 345 poena
1749 277 2148 348 suspensionis
2186 277 2379 349 magis
2448 299 2471 331 π

138 363 413 432 congruit
453 362 686 417 delictis
728 362 1075 432 hujusmodi,
1115 363 1366 434 quisque
1407 364 1564 418 enim
1608 363 1804 434 puniri
1852 365 2028 422 debet
2083 367 2140 422 in
2189 382 2259 424 eo
2314 367 2376 424 in
2427 381 2434 393 ¹

138 467 255 522 quo
297 452 591 523 peccavit:
634 451 890 522 denique
937 468 1067 507 cum
1109 454 1412 508 ordinator
1448 454 1848 524 suspensione,
1888 458 1951 510 et
1992 471 2107 511 non
2150 456 2410 527 irregu·'

142 541 397 604 laritate,
426 546 783 604 coerceatur,
814 557 1069 612 aequum
1098 547 1244 604 erat,
1275 545 1340 598 ut
1368 530 1766 614 suspensione,
1798 547 1857 600 et
1887 561 2000 600 non
2031 546 2376 616 irregulari·
2531 599 2534 604 .

138 633 284 695 tate,
314 637 726 686 coercerentur
753 632 1002 686 ordinati
1021 650 1034 696 ;
1070 636 1132 686 ut
1155 648 1398 703 quorum
1436 634 1590 689 idem
1619 634 1894 689 delictum
1926 635 2137 701 fuerat,
2167 637 2373 692 eadem

134 724 293 776 esset
322 722 383 776 et
413 736 617 790 poena.
663 722 740 775 De
782 722 1056 791 bigamia,
1082 722 1404 787 homicidio,
1436 726 1496 779 et
1518 724 1886 779 mutilatione
1928 725 2116 780 dicam
2151 729 2382 797 postea.
2511 668 2548 774 ³

593 903 738 955 ART.
795 902 845 956 2.
903 899 987 955 De
1039 900 1525 971 τ’τνερτιῖανίίαίίὑιιε
1575 920 1640 955 ex
1698 903 1915 972 defhctu.

666 1039 745 1091 De
770 1035 1256 1107 irreyularitatibus
1282 1055 1344 1092 ex
1376 1039 1575 1108 defectu
1598 1039 1846 1110 propriis.

211 1170 396 1227 412012.
434 1174 712 1243 Sequitur
741 1177 804 1227 ut
834 1173 1136 1227 videamus
1165 1174 1237 1228 de
1267 1174 1804 1243 irregularitatibus
1834 1193 1907 1230 ex
1936 1176 2186 1231 desectu.
2221 1177 2374 1240 Qua·
2444 1168 2447 1177 ⁵
2536 1161 2548 1175 “

138 1277 265 1317 rum
307 1263 524 1332 duplex
566 1278 758 1330 genus
798 1263 1274 1318 constituendum
1318 1266 1438 1327 est;
1469 1280 1648 1319 unum
1690 1281 1908 1327 earum,
1952 1282 2103 1336 quae
2148 1266 2372 1341 irregu-

137 1351 408 1408 laritates
435 1358 573 1407 sunt
604 1352 809 1406 stricta
834 1367 905 1406 ac
941 1353 1170 1421 propria
1200 1352 1656 1421 significatione:
1687 1355 1939 1410 alterum
1970 1371 2190 1421 earum,
2218 1371 2373 1428 quae

133 1441 257 1496 lata
283 1444 342 1496 et
371 1441 708 1510 impropria:
752 1441 967 1511 quippe
1001 1443 1153 1495 inter
1179 1457 1244 1496 se
1274 1442 1615 1511 longissime
1645 1444 1882 1509 distant,
1925 1450 1987 1500 et
2025 1447 2217 1501 Nostri
2246 1443 2372 1518 (mi-

141 1547 269 1587 rum
309 1530 564 1604 prorsus)
608 1532 680 1587 de
721 1532 989 1586 omnibus
1031 1531 1365 1587 indiscrete.
1406 1531 1495 1588 Ad
1540 1533 1786 1601 primum
1829 1549 2022 1603 genus
2071 1534 2372 1604 pertinent

133 1637 290 1692 quae
331 1623 603 1677 oriuntur
643 1637 716 1677 ex
758 1621 918 1688 vitio,
947 1637 1051 1676 seu
1081 1621 1315 1677 defectu
1356 1626 1563 1685 status,
1596 1624 1688 1679 vel
1733 1624 2013 1691 lenitatis,
2055 1624 2151 1680 vel
2179 1640 2371 1681 sacra·

135 1713 347 1768 menti:
389 1713 641 1768 alterum
683 1730 886 1768 earum
929 1717 1035 1779 est,
1078 1729 1230 1784 quae
1272 1714 1566 1783 profluunt
1618 1730 1694 1769 ex
1736 1714 1972 1769 defectu
2009 1712 2224 1785 aliquo,
2265 1729 2373 1783 seu

136 1803 283 1857 vitio
303 1804 574 1873 corporis,
597 1803 690 1857 vel
720 1803 928 1857 animi:
954 1803 1092 1857 illae
1118 1803 1580 1871 irregularitatis
1608 1819 1811 1859 omnes
1835 1808 1897 1859 et
1923 1804 2041 1858 vim
2070 1807 2131 1859 et
2161 1818 2371 1860 nomen

138 1893 387 1955 habent;
429 1895 541 1947 hae
583 1909 791 1947 nomen
834 1908 1064 1962 semper
1106 1909 1285 1963 penes
1327 1893 1562 1948 Nostros
1602 1898 1663 1948 et
1701 1892 2063 1956 Canonistas‚
2093 1893 2213 1950 vim
2254 1909 2371 1950 non

141 1983 308 2038 item:
338 1985 412 2036 ab
447 1983 554 2048 his,
582 1983 796 2053 quippe
840 1983 1211 2047 facilioribus,
1242 1983 1604 2038 ordiendum.
1634 1984 1742 2039 Sed
1771 1987 1909 2039 ante
1952 1983 2149 2040 omnia
2173 1984 2371 2039 admo·

137 2072 312 2126 nendi
345 2087 545 2126 sumus
587 2074 691 2126 lias
734 2089 840 2127 nec
884 2089 1202 2142 poenarum
1243 2073 1431 2128 instar
1470 2074 1692 2138 haberi,
1728 2074 1996 2143 quamvis
2034 2077 2283 2130 oriantur
2305 2091 2371 2128 σω

121 2163 274 2228 sacco
301 2164 472 2231 aliquo
500 2159 704 2215 illicito.-
734 2163 981 2233 ideoque
1015 2161 1069 2218 1υ
1099 2163 1239 2218 nihil
1274 2163 1471 2226 refert,
1498 2166 1692 2218 utrum
1724 2163 1855 2233 quis
1877 2179 1977 2219 eas
2005 2163 2372 2220 contraxerit

132 2251 305 2321 culpa
346 2266 468 2314 sua,
510 2268 584 2306 an
626 2253 820 2307 minus
847 2253 948 2326 (l);
993 2258 1132 2309 ante
1176 2254 1542 2324 baptismum,
1583 2269 1657 2308 an
1704 2257 1907 2323 postea
1945 2254 2039 2323 (2):
2074 2253 2133 2308 2⁰
2169 2255 2244 2308 ab
2285 2253 2375 2308 eis

133 2357 247 2395 non
277 2344 565 2396 excusant
606 2356 784 2406 error,
815 2346 1024 2407 metuS,
1054 2343 1390 2412 ignorantia
1410 2342 1509 2415 (3);
1540 2358 1651 2398 nec
1679 2341 1739 2397 3⁰
1764 2343 2089 2412 dispensari
2133 2345 2375 2413 possunt

126 2434 205 2485 ab
246 2432 542 2501 Episcop0‚
573 2434 842 2502 quamvis
868 2435 1133 2489 occultae
1163 2432 1257 2506 (4).
1288 2435 1374 2488 Ab
1417 2434 1506 2489 his
1546 2450 1696 2504 quae
1726 2435 1995 2488 oriuntur
2022 2449 2096 2490 ex
2134 2434 2374 2490 defectu

129 2523 323 2575 status
371 2522 683 2575 ordiamur.
726 2525 847 2577 Hae
898 2526 1327 2579 contrabuntur
1376 2541 1450 2579 ex
1486 2524 1723 2580 defectu
1770 2524 1866 2579 vel
1926 2523 2232 2588 natalium,
2273 2524 2371 2580 vel

133 2610 441 2672 libertati&
485 2612 579 2665 vel
623 2613 829 2675 famae,
860 2614 951 2668 vel
997 2614 1367 2668 sacramenti.

201 2699 387 2754 412‘0'.
411 2702 499 2753 Ea·
518 2702 719 2768 defectu
749 2703 1034 2757 natalium
1057 2706 1196 2758 sunt
1217 2703 1579 2773 irregulares
1603 2704 1707 2758 filii
1733 2703 2057 2773 illegitimi;
2089 2703 2136 2758 si
2166 2705 2365 2760 tamen

121 2796 318 2844 constet
343 2805 472 2845 esse
517 2791 855 2859 illegitimos
894 2791 985 2862 (5).
1016 2795 1176 2847 Haec
1218 2793 1626 2862 irregularitas
1668 2794 1897 2848 tollitur
1929 2793 2363 2862 legitimatione

130 2883 638 2950 per-subsequens
690 2883 1122 2936 matrimonium
1166 2881 1222 2954 (S
1269 2883 1358 2946 50,
1400 2884 1538 2953 30):·
1566 2898 1668 2952 per
1717 2883 2067 2952 rescriptum
2119 2882 2365 2938 Romani

129 2966 445 3033 PontificiS,
489 2973 547 3024 et
591 2985 693 3040 per
733 2971 1065 3040 ingressum
1109 2972 1167 3026 in
1210 2971 1577 3040 Religionem
1617 2969 1716 3044 (6).
1754 2971 2089 3041 Dispensari
2135 2987 2368 3042 quoque

196 3191 211 3235 1
251 3190 391 3236 Suar.
428 3193 500 3245 51,
534 3192 577 3246 2,
619 3192 685 3236 18.
1299 3192 1366 3250 (S.
1391 3191 1541 3252 Alph.
1566 3190 1679 3246 Vll,
1708 3190 1810 3235 432.
1835 3189 1892 3236 V.
1919 3191 1946 3250 ς
1973 3191 2045 3243 57,
2067 3191 2168 3249 69);
2201 3203 2293 3238 uec
2322 3190 2370 3238 is

189 3262 218 3306 ⁶2
248 3261 303 3310 C.
336 3262 379 3315 3,
408 3263 536 3307 Dist.
571 3263 652 3315 263
685 3263 738 3312 C.
780 3263 847 3314 13,
881 3264 1010 3307 Diae.
1045 3263 1119 3308 34.
1297 3275 1446 3322 quem
1469 3266 1643 3315 mater,
1662 3265 1924 3308 constante
1944 3261 2279 3316 matrimonio,
2304 3259 2370 3307 ab

113 3326 120 3333 ⁸
190 3330 218 3374 3
242 3331 423 3379 Sanch.
449 3332 509 3376 M.
534 3334 579 3387 7,
600 3335 672 3387 84,
700 3334 768 3379 15.
792 3333 937 3380 Suar.
960 3334 1035 3386 49,
1056 3336 1099 3386 3,
1131 3333 1199 3378 15.
1299 3334 1396 3380 alio
1429 3334 1659 3394 suscepit
1690 3333 1739 3390 (ἓ
1768 3332 1840 3387 49,
1874 3333 1969 3390 20),
2007 3333 2125 3378 licet
2146 3329 2369 3392 publice,

132 3402 460 3459 Laym.V1‚3.
484 3404 545 3448 Et
565 3405 772 3463 proinde
790 3419 880 3450 nec
899 3404 1028 3451 bona
1050 3404 1194 3450 fides.
1299 3408 1347 3449 et
1382 3403 1443 3451 ab
1474 3405 1604 3465 ipsis
1638 3416 1837 3464 quoque
1873 3401 2186 3463 parentibus,
2222 3400 2369 3448 adul·

129 3473 179 3519 S.
206 3474 354 3534 Alph.
381 3473 489 3529 VII,
523 3476 623 3527 439,
658 3476 763 3530 443,
794 3478 896 3521 446.
1300 3477 1496 3522 terinus
1539 3474 1808 3528 habeatur;
1857 3473 1955 3519 nisi
1998 3473 2152 3518 talem
2194 3484 2369 3518 revera

195 3547 222 3589 4
256 3546 303 3590 S.
338 3544 484 3605 Alph.
518 3544 555 3598 Ι,
591 3549 717 3605 App.
751 3546 812 3599 11,
846 3548 915 3592 49.
1300 3560 1411 3592 esse
1432 3549 1621 3603 injure
1638 3545 1925 3592 constiterit
1949 3543 2019 3602 (S.
2041 3544 2096 3591 C.
2120 3543 2175 3592 C.
2199 3542 2370 3590 27511·

195 3617 224 3659 5
253 3616 346 3664 CC.
391 3618 428 3671 1,
458 3617 502 3661 2.
539 3618 614 3663 De
646 3619 740 3661 Fit.
777 3620 948 3665 Presb.
981 3617 1193 3664 Salmat.
1299 3619 1373 3663 nii
1415 3618 1543 3662 1857.
1571 3619 1702 3662 Acta
1737 3615 1775 3669 1,
1811 3615 1913 3661 352.
1947 3613 2003 3659 V.
2035 3617 2065 3668 ἓ
2095 3614 2190 3670 57).

134 3686 202 3740 10,
234 3687 278 3740 8,
326 3688 413 3739 443
463 3700 521 3732 ac
564 3687 771 3746 proinde
823 3702 918 3734 non
973 3691 1200 3747 expositi
1359 3689 1389 3732 6
1422 3688 1497 3733 Ex
1525 3688 1576 3735 C.
1602 3687 1750 3746 Greg.
1775 3685 1893 3731 XIII
1929 3699 2005 3731 an.
2037 3685 2165 3730 1588.
2189 3681 2286 3730 Sed
2310 3681 2369 3728 hi
