2548 4042
154 214 388 275 empore,
416 204 464 259 si
501 206 816 275 utrumque
856 218 1002 273 opus
1042 202 1331 274 praestari
1376 201 1557 272 possit
1600 212 1720 256 una
1758 199 1931 258 simul
1969 198 2116 273 (44);
2157 200 2253 257 vel
2535 180 2538 189 ¹

156 302 297 358 actu,
326 294 375 348 si
417 293 614 347 omnia
652 293 726 347 ad
768 294 1034 348 eamdem
1074 291 1353 347 virtutem
1397 290 1696 361 pertinent
1737 274 2009 360 (excepta
2034 290 2312 361 justitia),
2342 258 2482 348 ἐϋ

157 384 331 438 simul
364 382 628 437 incidant
652 378 783 454 (45).
815 382 921 445 Qui
950 382 1003 436 id
1027 381 1179 453 quod
1205 381 1302 435 lex
1320 381 1496 450 jubet
1523 378 1824 450 praestitit
1851 379 2103 435 humano
2133 378 2312 443 modo,
2342 382 2405 437 et
2436 449 2450 455 ᾖ

163 489 268 527 suo
298 477 576 541 tempore,
611 474 674 526 et
703 476 989 542 quantum
1023 471 1226 542 potuit,
1258 470 1304 525 si
1344 471 1518 525 finem
1550 469 1702 538 legis
1730 483 1845 524 non
1885 469 2239 538 assequitur,
2270 483 2404 524 cum
2462 497 2468 502 ·

163 564 268 617 hoc
311 577 423 616 non
467 562 546 616 sit
587 562 644 615 in
689 565 984 630 potestate
1027 565 1243 622 nostra,
1276 559 1419 614 niliil
1450 558 1812 628 culpabitur:
1834 561 1969 628 finis
2002 551 2262 631 praecepti
2299 573 2406 614 m
2464 572 2466 574 ’
2535 542 2543 583 3

157 654 298 707 cadit
322 657 415 706 sub
440 659 701 721 praecepto
727 652 866 723 (46);
893 652 1076 707 veluti
1113 651 1158 706 si
1191 666 1265 706 ex
1286 650 1532 719 Jejunio‚
1566 650 1658 705 vel
1687 650 2053 705 abstinentia
2079 664 2116 704 a
2143 650 2407 706 ciborum

160 742 413 804 delectu,
453 741 680 797 nullum
723 742 1148 796 incommodum
1190 740 1429 795 sentiat.

237 833 361 886 169.
389 832 557 894 Quid,
587 832 635 887 si
677 832 911 886 dubites
951 846 1026 885 an
1070 830 1263 899 legem
1309 826 1662 898 impleveriS,
1692 827 1869 883 dubio
1903 843 2114 898 nempe
2155 826 2405 899 positivo
2447 826 2449 828 ’
2536 815 2548 822 ’

159 923 220 976 et
258 921 462 990 gravi?
491 923 562 977 Et
602 921 906 977 videamus
950 924 1143 975 utrum
1174 919 1411 973 dubium
1446 918 1500 972 in
1523 919 1679 987 jure,
1708 933 1782 972 an
1816 918 1875 972 in
1906 917 2059 972 facto
2100 917 2404 973 consistat.

159 1010 219 1067 Si
258 1014 314 1064 in
349 1012 491 1081 jure,
525 1011 675 1066 idest
715 1011 762 1064 si
806 1010 1040 1064 dubitas
1082 1025 1219 1063 num
1263 1010 1428 1067 bene.
1463 1012 1638 1070 recte,
1683 1007 1861 1077 probe
1904 1007 2132 1070 feceris,
2161 1009 2220 1060 in
2255 1006 2408 1061 dubio

156 1118 303 1155 omne
327 1105 541 1168 saccum
572 1103 939 1171 praesumitur
973 1106 1102 1153 recte
1130 1101 1344 1165 sactum
1375 1097 1525 1170 (47):
1558 1097 1668 1151 nisi
1710 1098 1929 1166 agatur
1968 1097 2039 1151 de
2082 1097 2295 1151 damno
2321 1095 2408 1151 al·

164 1191 349 1247 terius
379 1191 620 1261 injusto;
653 1190 747 1243 vel
783 1190 855 1244 de
897 1192 1180 1243 aeternae
1212 1191 1348 1242 tuae
1376 1187 1701 1242 alteriusve
1746 1186 1954 1241 salutis
1996 1181 2407 1257 periculo(48).

161 1281 217 1335 Si
248 1280 518 1335 consistit
557 1281 617 1334 in
647 1279 818 1340 facto,
851 1279 1003 1332 idest
1032 1277 1080 1331 si
1110 1277 1344 1331 dubites
1377 1281 1566 1330 utrum
1611 1276 1842 1339 feceris,
1876 1276 2139 1346 plerique
2175 1276 2405 1339 tenent,

159 1369 580 1438 obligationem
609 1382 869 1430 cessare;
917 1367 1099 1436 primo
1127 1381 1203 1420 ex
1233 1369 1609 1435 praesumpta
1638 1365 1968 1420 intentione
2013 1366 2402 1433 legislatoris;

161 1459 372 1516 deinde
420 1459 560 1529 quia
610 1457 762 1525 legis
809 1456 1091 1523 obligatio
1138 1455 1365 1509 incerta
1412 1469 1542 1508 esse
1598 1454 1804 1523 incipit
1855 1453 1991 1527 (49);
2032 1454 2135 1509 alii
2178 1457 2404 1519 contra,

164 1550 305 1621 quia
346 1549 444 1604 lex
484 1547 741 1617 possidet
784 1546 915 1615 (50).
960 1545 1099 1599 Mihi
1146 1544 1352 1613 prioris
1400 1543 1735 1598 sententiae
1778 1542 1936 1613 prior
1976 1545 2125 1598 ratio
2164 1543 2410 1614 aequior

160 1642 279 1696 est:
323 1637 622 1709 posterior,
663 1636 805 1706 quia
847 1635 1116 1704 regulam
1144 1635 1203 1687 de
1220 1635 1536 1702 possessione
1577 1630 1635 1704 (ἓ
1669 1635 1755 1698 11,
1788 1634 1910 1703 103)
1951 1648 2181 1703 sequor,
2210 1631 2408 1704 displi-

164 1819 233 1877 (S.
252 1817 403 1878 Alph.
417 1816 501 1871 VI,
520 1817 624 1870 265,
642 1828 689 1875 q.
707 1816 717 1857 l
732 1817 764 1872 ).
779 1813 1060 1873 Utriusque
1083 1811 1235 1857 habet

165 1887 361 1948 aliquid
399 1901 528 1947 opus
566 1886 701 1946 quod
744 1899 845 1931 una
889 1883 1233 1944 principaliori

1335 1810 1538 1856 devote:
1575 1811 1620 1856 si
1649 1810 1912 1857 coufessus
1935 1814 2208 1862 reservata,
2231 1813 2412 1871 postea

1335 1881 1566 1928 dubitare
1590 1882 1830 1943 coeperis.
1848 1896 1911 1927 an
1945 1882 2288 1928 confessarius
2314 1893 2406 1941 po-

166 1964 311 2020 parte
334 1963 548 2009 constat,
572 1957 731 2002 altera
754 1957 923 2000 minus
949 1953 1230 2014 principali,

162 2029 304 2076 velut
322 2030 572 2090 jejunium
594 2027 727 2086 quod
751 2030 951 2072 constat
977 2026 1124 2070 unica
1151 2036 1232 2069 co-

161 2103 422 2154 mestione,
441 2104 490 2144 et
510 2115 537 2144 a
556 2097 795 2145 carnibus
819 2094 1150 2141 abstinentia:
1170 2093 1230 2138 de

161 2172 256 2219 hoc
294 2170 611 2231 quaestionis
655 2171 747 2220 est,
795 2171 965 2211 utrum
1011 2165 1056 2210 si
1091 2163 1230 2210 illam

160 2247 419 2304 praestare
472 2253 572 2285 non
623 2238 808 2299 possis,
863 2236 1045 2281 debeas
1101 2235 1232 2279 hanc

162 2317 436 2374 praestare,
466 2323 618 2371 quam
643 2312 787 2369 potes
806 2307 879 2358 (V.
901 2306 1083 2353 Bened.
1101 2305 1231 2359 XIV,

159 2383 319 2440 Notis
354 2398 380 2428 a
399 2397 447 2428 n.
471 2384 568 2438 24):
594 2380 952 2425 affirmantium
980 2377 1232 2422 sententia

162 2458 252 2500 aut
286 2454 447 2498 verior
479 2456 572 2506 est,
602 2454 691 2497 aut
715 2455 847 2496 certe
873 2448 1088 2493 tenenda
1112 2448 1232 2507 quia

159 2524 243 2571 lex
278 2524 518 2583 possidet.

221 2597 280 2642 43
316 2597 452 2642 Alas.
485 2595 566 2646 IV,
601 2596 642 2645 7,
676 2596 715 2638 9.
741 2595 883 2653 Gury
911 2592 948 2645 1,
978 2592 1060 2635 109
1083 2593 1134 2646 (ἓ
1157 2590 1230 2645 32,

161 2667 249 2725 23).
286 2667 551 2712 Minimum
588 2679 704 2711 vero
738 2666 931 2723 accipio
964 2662 1098 2722 quod
1131 2676 1230 2709 non

161 2740 406 2798 pertingit
434 2737 496 2782 ad
531 2737 794 2782 materiam
829 2748 1050 2794 gravem.

222 2811 279 2852 44
314 2809 372 2855 V.
395 2809 444 2855 S.
478 2808 626 2868 Alph.
654 2807 691 2861 1,
723 2808 815 2851 166.
855 2807 991 2850 ldest
1026 2805 1069 2850 si
1094 2817 1230 2850 unus

164 2883 309 2926 actus
348 2893 447 2925 non
482 2878 694 2938 impedit
727 2877 897 2923 alium.
935 2875 988 2920 V.
1023 2888 1082 2928 c,
1110 2876 1231 2920 reci·

161 2954 268 2995 tare
302 2950 451 2995 horas
482 2950 751 2994 canonicas
785 2949 904 2992 dum
942 2947 1062 2991 ades
1089 2959 1230 2990 sacro

162 3021 244 3065 die
289 3021 417 3066 festo
455 3020 518 3066 S.
560 3020 705 3079 Alph.
741 3018 827 3069 111,
866 3019 986 3068 309).
1028 3017 1231 3062 Scilicet

160 3094 359 3150 quoties
395 3092 474 3136 lex
510 3090 784 3151 duojubet,
818 3089 868 3134 id
903 3086 1231 3147 solumjubet

163 3164 223 3206 ut
254 3167 540 3220 praestetur
566 3168 852 3220 utrumqne,
883 3173 979 3205 nou
1011 3162 1068 3204 ut
1100 3171 1228 3204 seor-

163 3244 280 3277 sum
337 3232 472 3277 Aias.
505 3231 589 3285 IV,
622 3231 728 3284 VII,
765 3232 845 3286 lO).

222 3302 284 3346 45
315 3301 451 3347 Alas.
478 3316 521 3345 n.
553 3302 619 3346 ll.
642 3300 699 3346 V.
723 3314 779 3353 c.,
803 3302 846 3345 si
870 3300 1056 3345 festum
1082 3298 1232 3345 sso-

163 3372 309 3434 sephi
344 3373 534 3418 incidat
561 3372 612 3416 in
642 3372 959 3423 dominicam,
982 3372 1113 3416 satis
1137 3371 1231 3415 erit

162 3457 315 3490 unam
344 3445 552 3488 missam
574 3443 760 3487 audire.
791 3444 852 3487 Et
876 3442 1030 3487 simul
1056 3446 1149 3488 etc.
1173 3440 1228 3484 V.

164 3514 309 3562 Alex.
342 3514 451 3568 VII,
484 3515 557 3559 35.

223 3587 282 3631 46
313 3586 370 3632 V.
407 3585 463 3631 D.
497 3584 616 3630 Tho.
659 3585 693 3638 l,
726 3585 768 3634 2,
807 3585 905 3638 100,
937 3586 979 3629 9.

223 3661 281 3702 47
316 3657 364 3704 S.
399 3657 546 3717 Alph.
582 3655 664 3708 VI,
696 3656 799 3708 505,
833 3657 936 3702 906.
973 3655 1028 3701 V.
1067 3668 1123 3707 c.,
1168 3668 1229 3699 an

163 3729 455 3774 recitaveris
480 3728 631 3774 horas
665 3729 933 3773 canonicas
959 3730 1149 3772 attente
1173 3738 1231 3771 ac

1337 1954 1492 1998 tuerit
1525 1967 1554 1999 a
1595 1953 1866 1998 reservatis
1914 1952 2197 2007 absolvere3
2230 1952 2308 1999 vel
2343 1964 2441 1998 an·
2530 1974 2548 1995 ι

1338 2024 1459 2070 bene
1477 2024 1740 2070 confessus
1759 2025 1914 2070 fueris
1934 2024 2000 2080 (S.
2023 2023 2156 2084 Alph
2190 2016 2408 2079 vl,5o5i.

1397 2097 1454 2140 48
1487 2095 1544 2142 v,
1570 2094 1852 2155 S.Alph.1‚
1885 2095 1945 2140 42
1978 2101 2068 2142 etc
2106 2093 2158 2142 si
2189 2093 2408 2151 dubites,
2503 2077 2548 2149 τὲ

1338 2181 1379 2211 v.
1395 2180 1435 2212 c.
1465 2179 1527 2211 an
1548 2167 1769 2212 decimas
1788 2165 2016 2218 solveris,
2036 2178 2099 2210 an
2121 2164 2407 2211 restitueris
2490 2162 2519 2217 J*

1334 2250 1599 2297 pecuniam
1618 2239 1795 2282 mutuo
1815 2240 2071 2296 acceptam
2087 2251 2099 2290 ;
2116 2249 2180 2282 an
2195 2234 2408 2282 solveris
2497 2263 2517 2294 γ,

1338 2310 1559 2367 legatum
1594 2321 1623 2352 a
1646 2309 1886 2352 testatore
1921 2306 2169 2352 relictum.
2205 2305 2331 2352 Item
2354 2305 2410 2352 in
2494 2315 2512 2363 ‘f

1336 2379 1548 2425 articulo
1574 2378 1764 2427 mortis.
1787 2391 1850 2424 an
1870 2377 1993 2424 bene
2016 2378 2281 2424 confessus
2301 2376 2409 2423 fue·
2466 2393 2469 2395 ’

1336 2451 1428 2501 ris;
1465 2464 1525 2495 an
1553 2449 1717 2494 valeat
1740 2448 2044 2508 baptismus,
2077 2447 2213 2503 ordo,
2245 2452 2356 2502 etc„
2378 2460 2410 2494 a.

1335 2524 1383 2565 te
1416 2520 1646 2567 collatus.
1678 2519 1736 2564 In
1768 2533 1971 2565 summa
2002 2518 2181 2579 regula
2218 2521 2272 2565 in
2307 2520 2407 2564 du.-

1334 2593 1428 2644 bie,
1461 2595 1552 2636 etc.
1596 2589 1658 2635 ad
1693 2603 1777 2636 eos
1812 2603 1962 2635 casus
2001 2589 2277 2636 coercenda
2312 2590 2408 2643 est,
2472 2619 2478 2622 ⁴

1335 2663 1384 2706 in
1419 2661 1606 2720 quibus
1641 2660 1810 2720 agitur
1833 2659 1894 2705 de
1918 2659 2026 2705 solo
2059 2661 2199 2706 licito
2234 2659 2310 2706 vel
2344 2658 2405 2706 il·
2477 2663 2502 2682 “²

1334 2731 1471 2777 licito
1510 2730 1584 2784 (V.
1610 2735 1638 2785 ξ
1665 2731 1730 2784 10,
1753 2731 1853 2788 90);
1881 2744 1923 2775 v.
1950 2744 2007 2783 c.,
2042 2743 2104 2776 an
2140 2734 2406 2790 peccatum

1333 2802 1597 2848 confessus
1630 2801 1801 2855 fueris,
1835 2801 1970 2862 quod
2000 2807 2136 2846 certo
2169 2798 2407 2846 meminis
2475 2796 2503 2850 α’

1653 2885 1715 2917 an
1749 2871 1899 2917 horas
1923 2872 2193 2917 canonicas
2227 2869 2412 2917 recita·
2488 2890 2516 2934 p·

1334 2872 1618 2926 admisisse,

1334 2945 1480 2992 veris.
1517 2947 1688 2988 votum
1722 2941 2027 3002 impleveris.

1394 3015 1452 3057 49
1469 3012 1678 3061 Carden.
1706 3013 1820 3057 Cris
1853 3013 1911 3059 D.
1929 3012 2000 3064 60,
2024 3012 2067 3057 4.
2084 3011 2204 3057 Jlss.
2226 3010 2285 3064 V,
2310 3010 2405 3057 150.

1334 3085 1483 3131 eroix
1524 3087 1558 3135 ι,
1592 3084 1696 3129 coo.
1725 3083 1773 3130 s.
1809 3083 1956 3143 Alph.
1994 3082 2080 3127 111.
2110 3082 2199 3126 τοο
2226 3095 2271 3128 v.
2308 3082 2408 3130 sea

1332 3155 1726 3210 occur-rufium
1749 3154 1981 3213 l,80,ibiq
2011 3153 2188 3199 Baller.
2202 3151 2405 3213 Nempe,
2485 3195 2490 3197 ,
2511 3156 2543 3198 ,ξ’

1334 3228 1495 3287 ajunt,
1520 3228 1561 3271 si
1599 3223 1853 3286 probabile
1877 3227 1972 3275 est,
1989 3237 2066 3269 me
2090 3223 2189 3284 legi
2208 3223 2410 3270 satisfe—
2471 3255 2477 3263 »

1332 3302 1479 3352 cisse,
1535 3310 1635 3343 non
1681 3300 1848 3356 potest
1890 3308 2002 3341 esse
2043 3300 2238 3341 certum
2270 3292 2408 3354 quod.
2499 3327 2509 3334 .

1332 3370 1540 3428 obliger,
1562 3369 1681 3427 quia
1714 3370 1890 3413 contra
1922 3364 2278 3412 certitudinem
2304 3376 2406 3411 non

1332 3439 1485 3486 datur
1510 3437 1857 3499 probabilitas.
1879 3437 2025 3483 Ratio
2058 3433 2281 3488 subtilis,
2313 3426 2407 3480 sed

1332 3526 1428 3557 non
1465 3508 1848 3557 contemnenda.

1391 3582 1450 3626 50
1499 3580 1654 3627 snm.
1707 3578 1793 3634 xi,
1846 3580 1888 3634 2,
1945 3578 2056 3631 1193
2111 3575 2232 3636 ibiq.
2282 3572 2407 3630 1³21„
2499 3547 2534 3597 Γ

1333 3651 1518 3698 Sanch.
1551 3654 1644 3696 etc.
