2554 4004
142 10 211 69 30
546 29 671 68 raas
707 28 861 68 rain».
882 41 907 54 -
930 28 1295 69 »notationum
1319 40 1347 54 -
1375 0 1549 70 macr.
1571 0 1605 69 i.
1629 0 1713 70 ⁷61⁴
1733 0 1983 72 ruscius?

142 130 179 169 a
223 116 288 168 14
318 128 472 167 anno
503 113 767 182 puberes,
798 115 859 166 et
886 111 1012 166 iure
1042 111 1324 167 canonico
1351 110 1739 170 matrimoniis
1766 111 2181 172 contrahendis
2209 132 2383 189 pares

142 219 270 258 esse
328 199 905 270 intelliguntur(17).
957 199 1082 254 Dixi
1122 218 1221 271 per
1265 208 1497 267 aetatem,
1552 216 1687 257 nam
1737 217 1928 259 mares
1978 203 2078 276 qui
2131 208 2383 279 utroque

2181 0 2191 7 '
2243 0 2268 36 ’ἴ
2276 0 2554 55 ῗῗ-ῑῙΨῬῇἺΪὟιἈ

2491 136 2554 170 ’,Ἣῑ

2486 229 2535 250 ...0¹

141 291 413 345 testiculo
453 293 660 343 carent
698 290 1006 357 (spadones),
1047 290 1186 359 quia
1228 304 1433 344 verum
1473 305 1674 346 semen
1719 292 1998 348 emittere
2053 297 2381 365 nequeunt,
2478 291 2484 295 ’
2543 281 2545 294 '

141 381 397 448 perfecte
454 378 730 439 coeundo,
787 384 965 447 atque
1023 377 1154 432 ideo
1214 378 1599 434 matrimoniis
1657 381 2062 445 contrahendi,
2122 382 2380 440 inidonei

141 466 434 538 suut(l8).

477 662 623 715 ART.
652 661 718 714 II.
749 663 825 713 De
865 661 1156 713 diversitate
1193 677 1530 729 personarum
1573 663 1745 729 quoad
1781 665 2037 716 animum.

212 830 303 882 30.
332 826 474 881 Heic
516 825 819 880 videamus
848 826 918 880 de
947 824 1293 879 diversitate
1325 839 1704 894 personarum
1743 826 1932 895 quoad
1961 826 2240 891 animum,
2268 841 2378 884 seu

136 917 328 988 potius
369 917 556 986 quoad
600 915 987 974 intellectum.
1021 916 1081 968 et
1126 928 1292 967 usum
1335 913 1594 967 rationis
1625 915 1880 977 Quarum
1925 914 2142 984 triplex
2186 930 2379 988 genus

132 1012 254 1071 est;
299 1021 506 1075 nempe
546 1020 745 1059 eorum
787 1004 883 1074 qui
931 1018 1097 1057 usum
1141 1002 1468 1057 huiusmodi
1528 1004 1622 1057 vel
1677 1003 1932 1057 nondum
1974 1005 2173 1074 adepti
2215 1006 2375 1070 sunt,

132 1097 230 1153 vel
273 1111 405 1150 eum
446 1095 790 1156 amiserunt,
821 1094 914 1147 vel
960 1092 1171 1162 quibus
1199 1093 1271 1146 ad
1301 1096 1677 1155 momentum,
1710 1094 1837 1148 sive
1881 1093 1964 1148 uti
2005 1094 2203 1149 dicere
2232 1093 2379 1151 sole·

132 1202 279 1249 mus,
319 1187 391 1239 ad
428 1183 723 1254 tempusffl)
764 1182 1151 1251 intercipitur.
1197 1181 1283 1235 Ad
1328 1181 1574 1251 primum
1617 1182 1917 1251 pertinent
1960 1183 2230 1238 infantes
2273 1184 2377 1240 His

133 1279 527 1332 accensentur
565 1274 723 1328 surdi
764 1272 909 1326 muti
954 1271 1234 1341 coecique
1275 1271 1447 1326 simul
1489 1287 1525 1325 a
1567 1272 1880 1327 nativitate
1907 1270 2002 1344 (2),
2043 1274 2230 1327 idiotas
2268 1288 2379 1329 vo—

134 1370 289 1420 cant.
319 1365 484 1419 Surdi
525 1379 596 1417 ac
637 1362 781 1417 muti
827 1359 1077 1431 (scilicet
1115 1376 1152 1415 a
1193 1361 1531 1431 nativitate)
1573 1362 1621 1416 si
1663 1362 1920 1418 instituti
1965 1363 2102 1426 sint,
2140 1367 2202 1419 et
2244 1379 2377 1433 pec-

135 1454 323 1517 candi,
342 1456 401 1508 et
424 1451 823 1522 delinquendi,
848 1454 906 1506 et
930 1449 1312 1504 contrahendi
1337 1465 1583 1520 capaces
1605 1452 1899 1506 habentur
1919 1450 2018 1523 (3).
2042 1452 2137 1507 Sin
2163 1453 2374 1518 minua,
2403 1482 2408 1487 ·

133 1545 368 1615 quidam
399 1543 592 1596 idiotis
620 1556 722 1596 eos
749 1542 1086 1609 comparant
1110 1538 1203 1610 (4),
1234 1538 1469 1607 quidam
1500 1540 1730 1594 ratione
1761 1541 2069 1595 utentibus
2093 1540 2193 1612 (5);
2222 1558 2378 1612 quae-

132 1637 227 1688 stio
246 1635 512 1686 delicatior
532 1648 686 1699 quam
710 1632 859 1698 'culpo
875 1631 1218 1693 existimetur,
1238 1628 1452 1680 obscura
1474 1635 1522 1680 et
1540 1627 1800 1695 dzfficz'lior
1819 1627 1915 1699 (6).
1938 1629 2089 1684 Illud
2114 1630 2229 1684 iam
2250 1630 2376 1687 fere

131 1738 301 1779 nemo
327 1721 577 1783 dubitat,
601 1735 700 1774 eos
728 1734 802 1772 ne
832 1718 982 1773 scire
1012 1716 1247 1788 quidem
1275 1731 1443 1786 posse
1466 1733 1616 1787 quae
1646 1718 1948 1788 pertinent
1975 1719 2047 1774 ad
2079 1720 2251 1775 fidem
2271 1717 2372 1792 (7);

1305 1914 1367 1960 M.
1402 1914 1438 1969 I,
1462 1917 1505 1970 8,
1534 1906 1602 1963 1'2.
1625 1917 1688 1962 Et
1721 1916 1816 1964 hac
1850 1921 2014 1964 aetate
2047 1922 2222 1965 nostra
2243 1919 2372 1968 Car·

1305 1987 1458 2046 mign.
1484 1988 1642 2035 Elem.
1663 1990 1772 2035 Iur.
1797 1989 1952 2036 Crim.
1970 1989 2006 2042 Ι,
2030 1990 2127 2037 175.
2145 1989 2372 2036 Giuliani

194 1927 247 1971 17
279 1925 335 1970 L.
357 1924 386 1968 3
407 1924 460 1970 C.
494 1923 709 1971 Quando
735 1924 886 1965 tutor.
916 1920 996 1964 vel
1029 1919 1197 1963 eur-at.

130 1996 226 2045 CC.
249 1996 293 2049 3,
309 1995 352 2039 6.
379 1996 451 2040 De
476 1994 719 2049 Despons.
742 1990 927 2047 impub.
946 1987 1004 2033 V.
1024 1987 1077 2035 C.
1102 1988 1199 2032 Au.

130 2067 234 2112 631.
288 2065 423 2111 Haec
476 2063 717 2124 pubertas
782 2060 969 2106 dicitur
1026 2062 1202 2103 minus

122 2139 295 2194 plena.
315 2136 468 2181 Plena
485 2135 594 2180 iure
615 2132 870 2179 communi
891 2132 940 2176 in
958 2130 1107 2175 soem.
1135 2130 1202 2182 14,

128 2210 184 2254 in
228 2206 452 2253 maribus
505 2206 556 2250 18
603 2217 733 2249 anno
781 2201 1062 2261 completur
1105 2199 1201 2258 (Ex

127 2278 182 2325 L.
222 2279 274 2323 14
313 2279 380 2323 De
411 2278 620 2322 Alimen.
647 2278 794 2331 leuat.
817 2273 875 2319 L.
897 2271 956 2317 40
979 2273 1054 2318 De
1074 2273 1200 2317 Ado·

119 2352 321 2407 pacm).
351 2347 454 2394 NN.
477 2347 638 2405 Leges
663 2344 974 2405 pubertatem
1004 2345 1203 2403 praete·

131 2424 293 2467 reunt.

193 2492 247 2535 18
290 2490 470 2536 Xistus
502 2489 561 2535 V.
595 2489 719 2548 Mpr.
761 2487 888 2533 Cum
930 2487 1195 2543 effraena-

129 2566 251 2607 tam.
280 2561 451 2620 quue
485 2560 657 2605 minus
689 2562 927 2612 castrati,
961 2559 1069 2603 sive
1103 2568 1196 2603 eu-

125 2634 297 2685 nuchi,
329 2630 515 2691 quibus
539 2629 707 2675 virilia
734 2631 939 2689 penitus
965 2628 1197 2675 abscissa

125 2707 251 2751 sunt
282 2705 334 2761 (ἓ
364 2703 393 2745 9
427 2703 500 2748 De
534 2704 745 2758 Aeropa).

189 2774 205 2818 l
245 2774 300 2819 L.
333 2774 363 2818 2
396 2774 547 2828 Inoff.
576 2776 795 2818 Testam.
815 2773 1074 2824 Amentca,
1105 2784 1188 2815 ra-

127 2845 281 2891 tionis
299 2845 591 2896 carentiam,
607 2843 765 2899 furor·
787 2842 970 2887 mentis
991 2844 1040 2886 et
1059 2840 1196 2886 idea·

127 2929 242 2961 rum
261 2914 688 2973 perturbationem
703 2912 984 2971 significat3
1002 2914 1196 2956 utrum-

131 2997 227 3045 que
266 2986 424 3042 igitnr
464 2987 595 3031 recte
641 2985 833 3028 dixeris
879 2996 994 3028 cum
1029 2981 1195 3027 Tullio

131 3055 335 3101 Tuscul.
359 3055 445 3107 111,
470 3056 514 3108 5,
548 3057 736 3102 mentis
769 3058 840 3100 ad
867 3056 1046 3100 omnia
1077 3066 1194 3100 coe-

129 3127 357 3172 citatem.
383 3124 594 3170 Profluit
638 3138 698 3169 ex
743 3126 965 3171 laesione
1003 3125 1195 3181 omani

126 3197 502 3253 imayinativae
540 3199 751 3240 virtutis
783 3195 861 3252 (D.
900 3195 1022 3243 Tho.
1061 3196 1114 3241 in
1152 3195 1193 3241 3.

127 3266 266 3313 Sent.
290 3264 427 3324 Disp.
450 3265 525 3319 25,
549 3266 589 3318 2,
617 3265 678 3310 ad
702 3265 794 3312 25).

186 3335 487 3382 2Michelor.
509 3336 584 3383 De
599 3339 779 3381 surdis
799 3342 847 3382 et
864 3339 1027 3382 mutis
1049 3337 1101 3384 C.
1119 3337 1194 3389 49,

126 3419 177 3452 n.
198 3407 271 3452 39.
293 3405 476 3453 Sanch.
506 3406 571 3452 M.
594 3406 634 3460 I,
660 3406 703 3458 8,
735 3406 800 3450 13.
827 3406 978 3455 Croix
1013 3405 1095 3462 VI,
1130 3407 1193 3463 11,

129 3478 264 3523 1875.
286 3478 333 3524 S.
357 3476 507 3536 Alph.
532 3476 615 3529 VI,
635 3476 738 3522 303.

183 3549 213 3592 3
244 3548 455 3607 Bargut:
492 3547 636 3592 Sullo
669 3552 806 3593 stato
839 3549 1001 3606 fisico,
1034 3549 1187 3593 intel-

130 3620 374 3666 lettualee
391 3620 588 3664 morale
605 3618 1189 3676 de'sordo-muti.Cap.5.

187 3690 216 3734 4
249 3690 469 3736 Anchar.
508 3689 689 3748 Angel.
722 3688 883 3735 Flam.
906 3702 985 3748 ap.
1020 3688 1202 3735 Sanch.

1305 2060 1503 2104 Diriteo
1521 2060 1714 2107 Penale
1734 2059 1790 2105 L.
1820 2061 1859 2115 1,
1882 2060 1937 2108 C.
1956 2059 1999 2101 -V
2006 2060 2042 2114 1,
2066 2064 2094 2115 ἓ
2108 2061 2150 2106 3.
2174 2059 2371 2118 Quibus

1306 2129 1636 2188 praeiverant,
1670 2130 1824 2191 (quod
1849 2144 1928 2176 me
1961 2130 2239 2190 plurimum
2263 2143 2372 2178 mo-

1303 2201 1407 2257 vet)
1433 2201 1672 2253 Bonam,
1704 2205 1754 2248 et
1775 2200 2046 2256 Sia-aram,
2067 2202 2154 2261 qui
2177 2199 2367 2248 surdis·

1304 2272 1464 2317 mutis
1478 2270 1810 2318 instituendis
1823 2274 2140 2331 perpetuam,
2153 2273 2202 2316 et
2214 2283 2370 2332 qum

1303 2340 1762 2400 praeclarissimam
1794 2346 2048 2388 naverunt
2079 2354 2302 2402 operam.

1362 2411 1390 2455 5
1424 2413 1541 2457 Ant.
1577 2412 1731 2467 Matt„
1765 2412 2033 2459 Barzelott.
2070 2412 2258 2461 Medic.
2279 2413 2369 2462 Le-

1298 2485 1406 2540 9al.
1428 2482 1536 2530 Vol.
1559 2483 1598 2539 I,
1620 2484 1671 2532 C.
1693 2484 1737 2537 5,
1765 2488 1795 2538 ἓ
1815 2484 1921 2531 221.

1362 2555 1392 2599 6
1422 2554 1603 2601 Renaz.
1627 2557 1786 2603 Elem.
1813 2556 1957 2602 Iuris
1986 2557 2139 2602 crim.
2169 2554 2206 2608 1,
2234 2552 2370 2610 V111,

1302 2627 1342 2670 5.
1367 2625 1437 2672 cf.
1461 2625 1669 2684 Bargut.
1694 2627 1732 2671 l.
1758 2639 1797 2672 c.
1827 2625 1897 2678 Is.
1929 2625 2100 2672 allatis
2132 2625 2267 2671 ultro
2290 2625 2366 2672 ci·

1300 2700 1479 2756 troque
1521 2696 1793 2743 Doctorum
1838 2696 2125 2753 sententiis,
2169 2697 2274 2743 rem'
2314 2695 2368 2742 in

1302 2766 1469 2813 medio
1501 2767 1721 2827 reliquit.

1363 2838 1388 2880 7
1426 2837 1615 2883 Οίυὶῑιὰ
1655 2838 1904 2885 Cattolica
1933 2838 2035 2885 Ser.
2069 2837 2113 2892 3,
2146 2837 2287 2886 Tom.
2308 2836 2367 2891 V,

1301 2920 1414 2968 pag.
1463 2909 1535 2952 18:
1582 2910 1731 2955 Fides·
1781 2921 1848 2956 eoe
1895 2910 2098 2955 auditu..
2145 2907 2368 2954 Maxime

1302 2978 1434 3039 quod
1468 2978 1593 3026 haec
1625 2993 1655 3025 a
1687 2979 1923 3025 sensibus
1957 2983 2008 3025 et
2037 2979 2261 3025 humano
2293 2978 2370 3024 in·

1303 3049 1509 3096 tellectu
1543 3050 1885 3096 remotissima
1926 3053 2064 3096 sunt.
2098 3052 2265 3110 Atque
2294 3049 2369 3095 ita

1300 3120 1624 3180 respondisse
1656 3122 1882 3174 tradunt,
1917 3133 2046 3166 anno
2085 3121 2216 3174 1854,
2245 3131 2370 3179 qua·

1299 3194 1415 3236 tuor
1448 3191 1495 3237 S.
1521 3191 1574 3236 R.
1597 3190 1653 3236 E.
1677 3189 1988 3252 Cardinales,
2023 3190 2207 3250 viginti
2239 3189 2364 3250 Epi·

1300 3276 1498 3323 scopos,
1516 3266 1564 3307 et
1582 3262 1700 3321 plus
1719 3275 1872 3322 quam
1891 3262 2075 3321 viginti
2095 3260 2367 3308 surdorum
2429 3303 2434 3308 .

1302 3338 1697 3394 mutuorumque
1730 3333 2072 3380 Institutores.
2097 3331 2156 3379 V.
2180 3334 2231 3378 Il
2255 3344 2370 3386 sor·

1303 3408 1542 3451 clo-muto
1558 3407 1700 3452 nella
1718 3404 1922 3453 Soc-ieta
1944 3406 2226 3453 cristiana.
2247 3402 2369 3451 Ber·

1295 3489 1464 3534 gamo,
1491 3474 1621 3521 1877.

1356 3546 1559 3599 Contra,
1576 3548 1771 3592 veteres
1796 3545 1892 3590 ΤΤ.
1909 3558 2036 3605 pene
2053 3556 2243 3598 omnes,
2260 3542 2366 3588 exi-

1295 3615 1588 3669 stimabant,
1601 3629 1685 3662 eos
1700 3615 2024 3676 aliquatenus
2041 3626 2164 3660 suae
2177 3612 2363 3659 mentis

1298 3699 1426 3742 esse,
1449 3690 1498 3732 et
1521 3700 1580 3733 ea
1600 3698 1729 3746 quae
1751 3686 1815 3732 ad
1836 3685 1988 3732 fidem
2009 3683 2265 3744 pertinent
2284 3695 2367 3730 sa-
