2548 4042
28 0 114 22 Ἶςνῑ.Δ

175 34 295 93 ³08
428 53 554 92 uas
590 29 1222 93 mua-monmoiuma-
1241 23 1415 92 mar.
1436 40 1515 92 vt
1546 48 1615 93 n!
1642 46 1829 94 tom
1847 31 1954 93 11·
1969 10 2139 83 ν44ἕ’ῗ“4’4κ
2192 65 2200 78 4

265 139 392 193 320
424 137 552 205 Age
582 136 762 199 mode,
785 134 1200 206 delinquentes
1222 134 1580 192 accessor-ios
1618 134 1939 205 accipimus
1964 133 2065 207 qui
2092 133 2299 205 agunt
2312 136 2392 191 ἡ
2424 106 2548 213 ι’ἐῗν

191 227 248 280 in
279 228 538 280 animum
578 224 980 294 delinquentis
1025 222 1379 293 principalis,
1421 222 1575 279 idest
1604 218 1968 288 mandantes,
2010 226 2071 279 et
2107 214 2506 290 consulein-⁴)
2534 278 2548 299 ·.

189 318 307 377 tes;
338 314 428 368 vel
462 314 516 367 in
553 327 696 382 opus
737 315 1068 375 externum,
1097 327 1266 382 opem
1304 312 1564 383 aliquam
1608 312 1996 382 praestando:
2018 315 2079 368 et
2120 313 2180 367 in
2224 302 2454 384 primis
2463 339 2489 386 χ
2534 304 2548 382 ζ,

187 403 288 474 qui
317 402 603 457 auxilium
634 402 727 455 vel
762 402 1017 456 favorem
1061 402 1360 470 praebent,
1390 401 1748 464 defensores,
1792 405 1852 457 et
1882 405 2234 472 receptores.
2262 400 2434 456 Prin-

187 491 339 562 cipio
382 491 564 559 igitur
604 507 734 544 cum
780 505 1001 559 poenae
1043 505 1157 543 non
1202 490 1493 545 excedant
1537 491 1833 560 proprium
1874 505 2091 565 casum,
2140 504 2312 546 nemo
2350 505 2427 547 ex

187 581 279 636 his
319 583 558 636 tenetur
589 580 789 648 poenis
820 580 876 633 in
898 580 1036 649 jure
1064 581 1351 634 adversus
1392 579 1650 650 aliquem
1693 594 1893 635 eorum
1933 580 2194 644 statutis,
2222 578 2335 636 nisi
2366 586 2427 636 et

186 670 246 725 in
289 670 475 739 ipsum
521 669 676 723 latae
718 669 836 723 sint
880 668 1240 723 nominatim.
1285 669 1420 724 Ideo
1463 683 1648 738 poena
1688 674 1908 734 statuta,
1936 685 1990 723 v.
2033 667 2428 732 c.‚*adversus

186 758 518 822 facientem,
568 758 961 821 mandantem,
1005 760 1220 820 verine,
1262 772 1377 811 non
1427 760 1618 812 tenet:
1674 763 1734 812 et
1788 773 1863 813 ex
1915 757 2149 814 diverso
2201 762 2428 815 statuta

184 849 469 904 adversus
524 846 916 910 mandantem,
972 862 1089 901 non
1144 849 1311 903 tenet
1365 846 1678 902 facientem
1708 845 1813 918 (7):
1870 849 2096 903 statuta
2141 849 2447 923 adversus

185 938 536 992 mandantes
577 941 636 990 et
686 937 970 991 facientes
1018 952 1128 991 non
1180 938 1347 991 tenet
1391 950 1505 998 eos,
1548 936 1648 1005 qui
1690 951 1876 1006 opem,
1917 938 2204 992 auxilium
2253 951 2430 1007 prae-

186 1027 328 1082 bent
359 1027 456 1095 (8);
487 1028 710 1081 statuta
750 1028 1034 1081 adversus
1075 1041 1174 1080 eos
1203 1028 1300 1096 qui
1332 1026 1640 1081 consilium
1670 1028 1958 1095 praebent
1985 1042 2103 1082 non
2131 1028 2297 1083 tenet
2325 1039 2427 1083 eos

185 1117 286 1186 qui
313 1120 613 1185 praestant
635 1130 800 1184 opem
824 1114 916 1185 (9).
949 1116 1145 1185 quue
1166 1116 1360 1170 minus
1383 1118 1548 1171 tenet
1577 1130 1676 1170 eos
1704 1115 1803 1185 qui
1830 1131 1940 1170 non
1967 1113 2428 1186 prohibent(10),

188 1206 283 1261 vel
304 1208 496 1259 ratum
520 1206 736 1259 habent
760 1204 809 1274 (1
827 1206 898 1274 1);
923 1205 1138 1274 quippe
1156 1205 1253 1274 qui
1274 1220 1484 1259 revera
1505 1204 1563 1258 in
1581 1205 1861 1259 delictum
1879 1221 1990 1259 non
2019 1204 2273 1260 influunt
2293 1203 2430 1277 (12).

186 1296 251 1349 In
282 1309 427 1364 quos
447 1297 647 1347 autem
672 1293 982 1348 manifeste
1015 1294 1136 1348 lata
1165 1297 1272 1357 est,
1297 1297 1464 1348 tenet
1487 1309 1585 1349 eos
1614 1294 1991 1363 proculdubio
2012 1291 2148 1366 (13),
2171 1294 2274 1350 sed
2302 1298 2432 1365 post

188 1384 462 1439 effectum
491 1385 807 1452 sequutum
834 1382 979 1451 (14),
1016 1388 1427 1452 praeterquam
1456 1383 1502 1436 si
1535 1382 1729 1452 palam
1759 1387 2060 1452 appareat,
2093 1384 2239 1439 haec
2269 1398 2430 1440 coer-

188 1473 309 1530 ceri
340 1490 439 1544 per
476 1489 546 1538 so,
589 1476 647 1526 et
689 1473 854 1540 quasi
899 1473 1084 1525 delicta
1124 1474 1215 1524 sni
1243 1474 1453 1540 qenai-is
1479 1468 1608 1541 (15).

247 1662 274 1703 7
310 1660 383 1706 Ex
408 1661 462 1709 C.
485 1661 525 1712 6,
553 1661 579 1717 ς
605 1660 646 1703 3.
676 1660 775 1709 Qui
809 1671 941 1707 vero,
968 1660 1043 1707 De
1073 1661 1253 1706 homzc.

185 1732 342 1781 clem.
362 1732 396 1776 1.
418 1733 492 1778 De
514 1732 663 1777 Poen.
689 1732 738 1775 in
762 1731 825 1774 6⁰.
855 1730 1060 1777 Navarr.
1085 1730 1156 1784 27,
1180 1731 1251 1776 51.

186 1804 342 1850 Tolet.
375 1806 411 1856 l,
432 1803 476 1857 9,
505 1804 574 1855 123
595 1802 738 1849 Suar.
765 1802 838 1855 21,
858 1802 899 1854 2,
926 1802 1000 1855 14;
1020 1802 1091 1854 34,
1114 1803 1158 1856 4,
1188 1803 1252 1847 17.

186 1876 235 1922 S.
261 1875 503 1935 Alphons.
529 1874 637 1927 VII,
670 1874 773 1918 371.
807 1874 1014 1925 Verius‚·
1045 1875 1095 1917 et
1118 1872 1251 1933 quod

187 1946 250 1992 ad
273 1960 514 1991 censuras
539 1948 732 1991 certum
757 1949 836 1990 est
860 1942 1061 1991 ‹Sanch.
1085 1943 1145 1987 M.
1167 1941 1255 1995 111,

186 2018 261 2070 49,
294 2017 360 2076 2).
393 2017 537 2067 Hinc,
572 2030 614 2060 v.
640 2029 695 2067 c.‚
720 2028 934 2060 censura
966 2014 1070 2059 lata
1095 2015 1145 2058 in
1169 2026 1254 2058 eos

187 2088 276 2148 qui
315 2089 629 2149 conjungunt
668 2099 882 2145 sponsos
923 2085 1115 2130 alienae
1158 2098 1249 2143 pa-

185 2158 388 2204 rochiae
412 2157 560 2213 (Trid.
588 2156 764 2208 XXIV,
793 2157 844 2201 R.
874 2155 933 2200 Μ.
961 2157 1037 2212 L).
1057 2156 1145 2214 qui
1180 2168 1255 2200 ce-

187 2228 384 2274 lebrant
416 2229 466 2272 in
509 2227 617 2273 loco
656 2226 951 2278 interdictof
977 2239 1075 2271 non
1119 2229 1255 2270 tenet

187 2313 286 2353 eos,
321 2299 406 2358 qui
442 2298 567 2343 dant
591 2297 679 2343 alii
715 2296 1015 2343 mandatum
1050 2297 1252 2355 conjun-

185 2368 337 2428 gendi
381 2367 583 2421 «Sanan.
627 2367 659 2412 l.
705 2372 779 2421 c.),
834 2366 910 2411 vel
952 2365 1252 2412 celebrandi.

186 2439 355 2490 Prout,
374 2453 435 2484 ex
454 2439 668 2491 diverso,
692 2438 1059 2484 excommunic.
1079 2436 1183 2481 lata
1203 2437 1254 2481 in

186 2510 487 2556 mandantes
523 2509 861 2555 assassinium
898 2509 971 2565 (C.
1005 2509 1021 2551 1
1061 2509 1134 2554 De
1171 2510 1253 2553 ho-

184 2583 302 2627 mic.
329 2582 379 2625 in
402 2581 491 2638 6⁰),
513 2582 650 2639 ipsos
672 2579 960 2625 assassinos
988 2592 1087 2624 non
1117 2580 1255 2623 tenet

187 2651 256 2706 (S.
282 2651 527 2711 Alph.III‚
545 2651 668 2704 364).
693 2651 928 2697 Ceterum
955 2649 1251 2695 mandatum

186 2723 299 2768 heic
331 2735 527 2781 quoque
563 2723 784 2780 accipere
820 2721 1078 2773 debemus,
1118 2719 1253 2780 quod

187 2793 250 2840 ad
282 2797 480 2839 nudum
511 2792 750 2849 factum,·
783 2794 834 2836 et
866 2805 963 2836 non
999 2792 1061 2836 ad
1095 2803 1247 2849 nego-

187 2866 322 2910 cium
357 2862 576 2922 aliquod,
599 2865 800 2908 nomine
824 2861 1116 2908 mandantis
1140 2873 1252 2906 con-

185 2933 506 2986 trahendum,
551 2934 797 2993 pertinet:
842 2930 1165 2992 quamobrem
1208 2930 1254 2975 si

188 3004 532 3051 subdiaconus
567 3004 656 3050 tibi
691 3003 1010 3049 mandaverit
1046 3014 1252 3046 uxorem

187 3074 367 3120 ducere
402 3088 495 3119 suo
518 3076 734 3125 nomine,
769 3081 860 3119 aut
890 3072 1156 3132 praedium
1179 3083 1255 3116 ec-

187 3145 530 3189 clesiasticum
555 3158 733 3199 emere,
763 3143 874 3190 heic
910 3143 1045 3188 valet
1080 3140 1255 3200 regula

191 3238 210 3247 -
244 3214 341 3262 Qui
375 3227 467 3270 per
508 3217 672 3260 alium
717 3214 854 3271 facit
887 3226 986 3270 per
1026 3216 1252 3269 seipsum

184 3283 362 3341 faeere
399 3287 603 3330 videtur
628 3286 700 3340 (C.
721 3285 782 3329 72
807 3286 879 3330 De
901 3286 961 3330 R.
994 3281 1039 3328 J.
1074 3285 1126 3329 in
1159 3284 1254 3340 6⁰):

186 3355 357 3414 itaque
390 3354 474 3399 ille
509 3368 750 3400 excomm.
777 3354 1045 3409 contrahit,
1075 3357 1147 3408 tu,
1173 3366 1252 3398 ve-

186 3426 311 3478 rius,
334 3437 432 3470 non
458 3425 577 3469 item
607 3424 808 3478 (Sanch.
830 3426 894 3471 M.
917 3423 1024 3476 VII,
1049 3425 1121 3477 48,
1145 3424 1208 3480 3).

246 3495 388 3542 Scit.
415 3495 468 3541 C.
492 3496 534 3548 6,
553 3498 582 3548 ἓ
604 3494 645 3539 2.
669 3496 720 3541 C.
749 3497 819 3540 47.
848 3498 922 3542 De
950 3497 993 3539 S.
1020 3496 1072 3540 E.
1099 3494 1255 3539 Auxi-

186 3565 331 3619 lium,
358 3567 666 3622 proaeimum
701 3565 895 3610 scilicet
924 3567 986 3622 (n.
1006 3566 1064 3609 22
1089 3566 1141 3610 in
1170 3564 1256 3615 fl.).

250 3635 279 3678 9
312 3635 451 3694 Sayr.
476 3633 561 3687 111,
596 3635 638 3687 6,
671 3634 712 3678 6.
747 3633 805 3680 V.
837 3635 981 3682 Suar.
1010 3636 1083 3689 21,
1116 3635 1160 3688 2,
1188 3637 1255 3679 17.

196 3707 328 3751 Sunt
361 3707 497 3753 enim
528 3706 726 3751 diversi
750 3706 1021 3760 influxus:
1058 3718 1176 3751 cum
1198 3707 1256 3750 il-

1356 1661 1447 1706 lud
1464 1663 1536 1706 act
1553 1661 1950 1709 instructionem
1972 1664 2184 1717 mentis,
2203 1665 2334 1711 haec
2356 1666 2445 1711 ad*

1358 1733 1711 1779 executionem
1729 1734 1799 1777 sit
1814 1735 2064 1779 ordinata
2088 1731 2293 1779 ‹Dum-d.
2315 1733 2430 1782 Lib.

1355 1800 1598 1858 Il.{‚Caus.
1630 1802 1665 1856 1,
1689 1815 1734 1861 q.
1760 1802 1818 1846 32
1842 1817 1889 1848 n.
1921 1804 2017 1860 17):
2053 1803 2138 1851 ille
2171 1803 2429 1862 moralem,

1358 1872 1440 1918 hic
1477 1873 1793 1919 materialem
1826 1887 2028 1933 operam
2065 1877 2305 1934 praestat.

1424 1943 1475 1988 10
1508 1944 1583 1990 Ex
1617 1942 1671 1991 C.
1706 1944 1763 1988 47
1790 1945 1864 1989 De
1894 1947 1942 1991 S.
1968 1947 2027 1990 E.
2050 1945 2116 1991 Et
2147 1944 2335 1992 nedum
2377 1946 2423 1992 si

1359 2027 1421 2058 ex
1455 2013 1563 2060 sola
1595 2014 1807 2061 caritate
1830 2015 2075 2075 impedire
2108 2015 2427 2068 debuissent,

1357 2088 1492 2141 quod
1524 2091 1720 2131 certum
1756 2090 1832 2131 est
1862 2090 2004 2144 apud
2030 2099 2223 2141 omnes,
2256 2085 2345 2134 sed
2379 2086 2426 2134 si

1359 2167 1421 2200 ex
1448 2155 1656 2215 Justitia
1688 2154 1756 2212 (S.
1783 2155 1934 2217 Alph.
1959 2156 2065 2211 VII,
2089 2157 2216 2215 376).

1425 2226 1467 2268 11
1511 2225 1654 2284 Lugo
1689 2227 1766 2272 De
1799 2223 1930 2272 Just.
1969 2228 2037 2280 19,
2069 2227 2142 2274 34.
2176 2226 2426 2276 Schmalz.
2508 2255 2516 2264 ·

1358 2294 1443 2350 IV,
1469 2296 1507 2349 7,
1536 2298 1609 2342 57.
1635 2296 1682 2342 S.
1712 2297 1861 2357 Alph.
1888 2296 1994 2351 VII,
2024 2299 2126 2343 375.

1427 2367 1479 2410 12
1502 2366 1599 2412 LL.
1625 2369 1692 2423 12,
1720 2368 1770 2412 13
1790 2371 1862 2415 De
1877 2371 1976 2414 his,
1999 2372 2090 2427 qui
2109 2373 2213 2415 not.
2235 2368 2428 2428 insum.

1424 2438 1477 2481 13
1509 2436 1577 2483 Ut
1605 2438 1725 2483 olim
1756 2439 1808 2484 in
1831 2439 1884 2487 C.
1924 2441 1940 2483 l
1970 2441 2045 2486 De
2075 2442 2258 2487 homic.
2282 2442 2334 2486 in
2361 2440 2426 2494 6⁰,

1360 2511 1538 2554 contra
1559 2512 1875 2556 mandantes
1903 2510 2263 2567 assassinium;
2298 2513 2349 2556 et
2371 2510 2427 2556 in

1360 2578 1413 2623 L.
1452 2579 1479 2622 3
1510 2582 1584 2625 Ad
1617 2582 1669 2624 L.
1709 2580 1808 2625 Jul.
1851 2583 1922 2628 De
1964 2583 2018 2625 vi
2057 2583 2214 2637 publ„
2253 2583 2429 2629 contra

1358 2644 1594 2695 ineuntes
1626 2652 1902 2696 consitium
1935 2650 2203 2697 seditionis
2239 2646 2424 2699 facien-

1358 2717 1465 2764 dae.
1490 2722 1770 2778 Manifeste
1801 2723 1848 2779 (S
1869 2721 2001 2779 304);
2034 2724 2091 2767 ut
2113 2734 2228 2768 ecce
2254 2722 2300 2768 si
2321 2720 2428 2768 lata

1359 2790 1512 2834 sitin
1556 2803 1687 2846 eum,
1732 2793 1820 2851 qui
1863 2795 2033 2852 patrat
2072 2791 2425 2847 homicidium,

1358 2864 1463 2913 aut,
1485 2874 1807 2918 quacumque
1833 2865 2054 2916 ratione,
2075 2875 2240 2909 causa
2276 2864 2423 2911 iltius

1360 2932 1549 2976 existit
1578 2930 1755 2988 (Salm.
1794 2933 1862 2987 10,
1901 2935 1936 2988 l,
1978 2933 2092 2981 146).

1424 3003 1474 3045 14
1510 3000 1664 3046 Tolet.
1705 3003 1807 3059 1,9,
1842 3002 1910 3049 13.
1931 3001 1989 3047 V.
2025 3004 2052 3062 ς
2086 3003 2190 3058 298,
2222 3004 2293 3048 27.
2328 3004 2427 3054 Qui

1357 3072 1521 3117 alicui
1555 3073 1746 3118 malum
1793 3076 2069 3120 eonsilium
2111 3076 2270 3130 dedit,
2305 3088 2350 3120 v.
2382 3087 2426 3121 c.

1356 3154 1501 3188 servo
1543 3140 1804 3199 sapiendi,
1855 3148 1975 3191 tnnc
2016 3147 2203 3203 incipit
2239 3147 2425 3199 teneri,

1356 3224 1473 3258 cum
1519 3225 1703 3259 servus
1747 3213 2008 3271 fuyitivus
2055 3228 2162 3262 esse
2203 3216 2423 3274 coeperit

1358 3283 1430 3340 (L.
1470 3284 1567 3333 Qui
1608 3286 1778 3331 Servo.
1824 3285 1896 3339 36,
1932 3287 2001 3331 De
2045 3288 2227 3343 Fara).
2267 3286 2422 3343 opem

1354 3353 1500 3412 ferre
1534 3354 1618 3408 <ad
1641 3354 1835 3401 furtum
1859 3355 2182 3414 faciendum),
2206 3358 2287 3404 vel
2309 3368 2426 3403 eon·

1357 3426 1533 3471 silium
1566 3428 1706 3480 dare,
1736 3430 1858 3471 tunc
1879 3430 2041 3480 nocet,
2069 3439 2187 3473 cum
2207 3432 2423 3485 sequuta

1357 3498 1694 3542 contrectatio
1728 3500 1805 3542 est
1831 3496 1905 3553 (L.
1932 3496 2003 3541 53.
2027 3501 2056 3552 5
2076 3497 2254 3556 Neque
2273 3498 2424 3544 verbo

1367 3566 1430 3610 19.
1455 3566 1690 3624 Eodem).

1430 3636 1481 3680 15
1503 3635 1655 3681 Tolet.
1681 3635 1713 3682 l.
1735 3649 1776 3682 c.
1799 3649 1847 3682 n.
1870 3636 1937 3683 12.
1959 3636 2111 3685 Croix
2134 3635 2241 3692 vn,
2261 3636 2334 3684 65.
2358 3638 2427 3684 At
2459 3669 2467 3677 .
2511 3609 2548 3706 Ξ

1361 3705 1579 3765 quande,
1611 3704 1778 3762 sodes,
1816 3705 1941 3752 haec
1985 3707 2199 3753 coerceri
2228 3705 2420 3754 intelli·
2451 3743 2462 3764 „
