2548 4042
2257 0 2446 90 'fena'

98 253 101 261 '
159 213 262 291 [is
809 259 1175 306 mrunnic‘ra
1218 260 1271 303 ι..
1304 260 1353 303 s.
1384 259 1759 303 ansanum.

65 382 97 469 ,²
160 431 162 434 ·
241 400 373 464 sm.
401 421 431 453 α
463 399 529 457 1·.
559 397 943 456 Interdictum
972 395 1233 453 Romano
1261 394 1528 451 Pontifici
1558 394 1798 466 speciali
1833 395 1999 451 modo
2039 398 2406 455 reservatum

23 476 32 483 ⁸
163 510 203 550 c
222 489 349 567 ipen
362 492 503 563 jure
533 490 842 545 incurrunt
866 485 1309 548 universitates,
1333 482 1612 553 Collegia.
1643 487 1705 540 et
1734 482 2008 556 Capitula
2038 501 2408 559 quocumque

27 571 79 648 'g
151 580 463 640 ¹«nomine
491 581 924 651 nuncupentur.
953 577 1028 632 ab
1055 573 1520 631 ordinationibus
1548 589 1654 630 seu
1685 574 1975 635 mandatis
2004 576 2266 645 ejusdem
2297 575 2408 632 Ro·

12 709 35 722 ,.
60 742 87 745 1-
162 689 201 726 e
227 671 385 729 nani
414 670 712 725 Pontificis
740 683 844 740 pro
874 672 1131 737 tempore
1173 662 1486 721 existentis
1514 663 1586 718 ad
1620 664 1954 720 universale
1986 665 2242 721 futurum
2273 681 2412 723 con·

40 747 83 832 j-l
165 776 200 815 ‘a
227 758 428 819 citium
467 756 943 831 appellantiafl).
986 754 1058 811 2⁶.
1103 754 1371 816 Scientoe
1413 752 1800 818 celebrantes,
1846 754 1936 809 vel
1981 755 2269 810 celebrari
2316 754 2408 811 sa-

6 842 35 918 ]
162 869 202 906 ‹
226 849 454 910 cientes
480 851 680 905 divina
709 849 765 904 in
798 847 940 903 locis
966 845 1040 902 ab
1067 843 1390 906 ordinario.
1413 842 1505 898 vel
1537 842 1819 912 delegato
1837 844 2057 914 jndice.
2088 845 2181 899 vel
2213 861 2247 901 a
2269 846 2407 917 jure

32 924 93 998 ,ἓξ
124 926 200 997 s«
229 939 579 1002 interdictis,
614 943 718 994 aut
760 936 1101 993 nominatim
1143 933 1677 991 excommunicatos
1716 933 1788 988 ad
1837 933 2037 989 divina
2071 936 2259 990 officia
2301 950 2407 994 seu
2442 995 2449 1004 ,

16 1021 81 1098 „2³
157 1014 199 1084 'a
226 1029 644 1089 Ecclesiastica
684 1028 1082 1088 Sacramenta,
1126 1024 1220 1079 vel
1265 1022 1740 1078 Ecclesiasticam
1791 1023 2152 1094 sepulturam
2198 1026 2407 1082 admit-

87 1179 90 1182 .
122 1119 123 1122 ’
163 1139 199 1175 a
229 1125 445 1185 tentes,
477 1118 856 1176 interdictum
885 1117 959 1171 ab
990 1115 1263 1184 ingressu
1295 1113 1596 1167 Ecclesiae
1629 1111 1751 1182 ipso
1782 1113 1919 1182 jure
1964 1113 2284 1177 incurrunt.
2315 1116 2411 1171 do·

0 1157 45 1283 ἱ*
78 1210 86 1239 ³
166 1231 198 1265 c
229 1227 338 1271 nec
375 1212 451 1269 ad
488 1209 801 1268 arbitrium
854 1209 982 1276 ejus
1023 1205 1193 1273 cujus
1233 1201 1589 1258 sententiam
1639 1204 2136 1273 contempserunt,
2180 1219 2408 1275 compe·

165 1321 201 1358 a
227 1304 431 1373 tenter
466 1296 868 1355 satisfecerint
901 1315 929 1347 »
963 1294 1053 1366 (2).

0 2567 10 2606 l

67 1494 86 1543 s
166 1487 472 1556 afflone·
503 1490 622 1540 olim
658 1491 708 1537 in
730 1489 845 1551 jure
868 1491 1092 1535 statutas
1120 1500 1233 1532 con·

43 1569 75 1612 ἢ
165 1568 250 1615 tn
278 1562 413 1613 male
442 1567 701 1626 promotos
723 1560 787 1607 ad
815 1559 1031 1607 ordines.
1057 1558 1235 1618 ltaque

170 1638 291 1686 ut·
306 1635 480 1686 Censt-
495 1639 722 1682 nostram
740 1631 804 1678 ab
821 1630 1085 1678 ordinibus
1106 1627 1234 1675 male

167 1708 427 1770 susceptis
466 1705 705 1767 suspensi
749 1706 894 1750 erant
931 1702 991 1748 1⁰.
1030 1702 1231 1760 regula-

61 1772 74 1785 “
166 1780 292 1829 riter
322 1782 378 1827 ἐπ
408 1780 663 1838 muriam
684 1776 985 1822 ordinantis
1015 1774 1235 1820 ordinati

86 1853 89 1857 ’
164 1849 235 1901 ab
266 1849 516 1914 Episcopo
548 1862 646 1896 non
681 1861 792 1903 suo,
823 1845 901 1893 vel
936 1846 1047 1893 sine
1071 1844 1235 1896 titulo,

77 1971 93 1979 α
162 1922 410 1971 veiextra
426 1922 735 1983 temporam.
761 1920 796 1974 l,
822 1919 951 1964 Dm.
982 1917 1058 1963 70.
1091 1917 1144 1965 C.
1187 1917 1234 1960 14

164 1993 245 2044 De
284 1993 512 2051 sempor.
556 1992 768 2044 ordin).
809 1990 872 2035 20.
917 1989 1048 2047 Quia
1092 2001 1236 2034 nemo

159 2063 257 2114 dat
284 2062 423 2127 qnod
457 2077 555 2111 non
589 2062 740 2110 habet
766 2061 1137 2115 (executionem
1161 2074 1237 2105 or·

164 2134 343 2188 dinis).
373 2132 594 2182 ordinati
628 2132 691 2180 ab
724 2133 974 2192 Episcopo
1009 2132 1235 2178 nomina·

166 2206 266 2253 tim
286 2206 744 2258 excommunicato,
762 2202 840 2249 vel
860 2215 1127 2262 suspenso,
1157 2202 1234 2248 vel

166 2275 461 2328 interdicto:
493 2274 572 2322 vel
598 2275 662 2322 ab
693 2289 750 2321 eo
773 2276 859 2336 qui
883 2278 934 2319 et
956 2274 1063 2319 loco
1086 2279 1140 2321 et
1161 2273 1238 2320 di·

163 2346 354 2409 anitati
373 2348 774 2395 renunciaverat.
801 2347 864 2391 3⁰.
890 2346 963 2391 Ex
989 2349 1130 2405 parte
1154 2358 1234 2391 or·

163 2421 356 2474 m,
401 2420 489 2481 qui
533 2422 650 2466 ante
691 2418 972 2478 legitimam
1018 2420 1235 2463 aetatem

162 2492 261 2540 ent
293 2503 383 2554 per
425 2490 634 2544 saltum,
678 2497 766 2536 aut
812 2489 1101 2543 simoniace,
1148 2493 1236 2535 aut

168 2563 400 2612 irretitus
432 2562 976 2614 excommunicatione.
1009 2560 1232 2620 obrepsit

61 2683 70 2698 ⁴
162 2632 463 2683 adcrdines.
489 2632 596 2680 Bos
618 2646 795 2680 omnes
823 2644 922 2678 non
945 2631 1237 2691 irregulari·

0 2802 67 2842 t.

0 2846 29 2901 ἰἴ

0 2954 27 3072 5·

0 3111 26 3241 ζι

0 3251 21 3475 l

0 3926 78 4042 lfj.
103 3961 105 3963 ’

162 2705 279 2761 tan.
298 2708 452 2767 prout
475 2704 684 2766 quidam
710 2705 914 2750 incaute
937 2702 1235 2755 docuerunt,

163 2788 340 2825 verum
388 2777 716 2834 suspensioni
767 2774 1011 2822 obnoxios
1059 2773 1236 2828 fuisse,

161 2849 373 2896 tunore
394 2847 474 2894 vel
504 2847 710 2908 ipsimet
735 2846 946 2894 Salmat.
977 2847 1070 2904 (10,
1095 2847 1139 2899 8.
1161 2846 1235 2900 73,

162 2917 281 2968 0⁸8.
299 2917 451 2980 alpia.
473 2917 550 2966 vt
570 2919 677 2972 799,
699 2917 807 2973 vll,
831 2918 926 2970 160,
954 2919 1075 2973 361).
1104 2917 1236 2966 Sunt

157 2990 218 3037 et
234 2988 364 3038 aliae
386 3003 534 3052 quas.
551 2994 723 3037 utrum
742 2991 1107 3050 suspensiones
1127 2991 1236 3035 sint

162 3059 665 3122 anirressularitates,
685 3074 783 3108 non
809 3061 957 3121 plane
981 3061 1235 3112 convenit,

161 3129 228 3179 de
259 3129 344 3179 his
376 3131 429 3180 in
459 3131 623 3180 Tract.
658 3131 907 3192 sequenti.

147 3242 157 3250 .
231 3203 247 3248 1
275 3201 351 3251 Bx
376 3202 429 3251 Β.
457 3202 511 3252 C.
536 3207 568 3259 8
587 3203 631 3250 2.
660 3202 764 3250 Hoc
787 3203 1118 3250 interdictum
1142 3201 1236 3248 dif-

164 3273 262 3320 fert
274 3271 339 3320 ab
351 3285 597 3320 excomm.
617 3299 635 3310 ·
653 3273 715 3320 de
734 3274 903 3335 quain
926 3274 953 3332 5
974 3273 1064 3317 390
1080 3299 1099 3308 ·
1115 3275 1234 3334 quia

165 3343 255 3392 illa
284 3344 337 3391 in
369 3345 618 3405 singulos,
652 3344 820 3391 hocin
846 3357 1086 3404 personas
1121 3356 1230 3390 mo·

166 3413 299 3462 rata·
323 3414 774 3468 animadvertitur3
794 3414 881 3460 illa
900 3427 1114 3461 censura
1138 3418 1232 3466 est.

165 3484 262 3534 hoc
293 3486 458 3546 magis
483 3487 701 3546 privatio
722 3484 987 3546 quaedam.
1011 3485 1105 3531 Est
1123 3498 1235 3545 spe-

162 3557 271 3604 cies
323 3555 578 3603 interdicti
635 3554 916 3616 personalis
963 3554 1235 3614 generalis,

163 3631 216 3675 et
247 3627 357 3689 ejus
384 3627 499 3688 jure
532 3628 757 3674 metitur.
788 3626 1088 3684 Quaesitum
1125 3630 1232 3672 eat:

163 3701 246 3748 An
272 3713 330 3747 eo
355 3705 590 3747 teneatur
621 3699 929 3761 Episcopus,
946 3700 991 3746 si
1015 3699 1141 3745 forte
1164 3700 1235 3746 sit

164 3783 302 3819 unus
329 3774 380 3819 et
403 3771 513 3832 ipss
533 3784 594 3819 ex
619 3771 874 3819 canonicis
899 3769 1123 3831 Capituli
1147 3770 1229 3818 in·

1339 1485 1579 1532 terdicti?
1614 1484 1776 1545 Negat
1798 1485 1985 1535 Duard.
2011 1486 2111 1534 Lib.
2138 1487 2198 1539 11,
2221 1489 2341 1538 Can.
2362 1487 2412 1542 2.

1338 1571 1383 1618 q.
1418 1559 1468 1608 5:
1492 1562 1540 1603 et
1558 1558 1669 1619 jure
1694 1571 1901 1618 prorsus
1935 1562 1983 1614 (9
2010 1560 2112 1610 325,
2136 1561 2217 1611 10).
2244 1560 2410 1617 Porro.

1341 1641 1646 1690 quamquam
1704 1630 1795 1675 boc
1856 1629 2184 1677 interdictum
2241 1635 2410 1681 teneat

1340 1700 1585 1760 singulos,
1611 1715 1671 1746 ex
1704 1700 1889 1761 quibus
1926 1701 2166 1749 coalescit
2198 1704 2404 1750 univer·

1340 1772 1483 1824 sitae,
1515 1770 1797 1832 collegium.
1831 1775 1942 1822 etc..
1970 1786 2084 1820 nam
2121 1773 2248 1820 alias
2282 1773 2413 1822 foret

1341 1844 1521 1889 inutile
1562 1844 1633 1901 (C.
1674 1844 1739 1897 16,
1771 1847 1801 1898 5
1833 1845 1923 1891 ult.
1964 1849 2032 1893 De
2064 1845 2111 1891 S.
2147 1847 2207 1891 E.
2239 1846 2289 1892 in
2323 1846 2411 1906 6⁰).

1339 1929 1423 1962 eos
1459 1929 1587 1976 quos
1634 1919 1784 1966 tenet,
1832 1916 2406 1963 excommunicationem

1342 1988 1401 2034 de
1433 2000 1534 2047 qua
1568 1986 1617 2032 in
1653 1987 1735 2033 cit.
1757 1986 2142 2048 §390effugere.
2171 1986 2407 2035 dubitan-

1339 2059 1460 2106 dum
1487 2073 1583 2105 non
1610 2058 1812 2106 videtur
1845 2058 2120 2116 (530⁴,13›.
2146 2058 2208 2105 Et
2230 2060 2281 2106 hi
2317 2061 2404 2119 qui

1340 2131 1478 2178 hisce
1501 2129 1940 2186 universitatibus,
1957 2133 2064 2185 etc„
2086 2130 2163 2176 vel
2184 2130 2405 2190 singulis

1341 2216 1512 2249 eorum
1558 2201 1796 2249 membris
1841 2206 2103 2263 praestant
2137 2202 2404 2258 auxilium,

1339 2273 1623 2326 consilium,
1642 2278 1751 2325 etc..
1775 2286 1937 2333 neque
1961 2271 2097 2319 illam
2117 2285 2407 2319 excommu-

1340 2345 1640 2391 nicationem
1662 2346 1944 2398 incurrunt,
1962 2343 2095 2404 quod
2120 2343 2325 2404 profluit
2342 2356 2405 2390 ex

1340 2417 1515 2471 dictis;
1559 2429 1718 2477 neque
1764 2414 1857 2461 hoc
1899 2414 2238 2469 interdictum,
2282 2415 2405 2476 quia

1340 2502 1423 2535 eos
1458 2489 1700 2549 praeterit
1728 2487 2039 2535 constitutio
2073 2489 2261 2533 nostra.

1399 2559 1496 2608 20.
1515 2561 1544 2604 8
1570 2560 1642 2606 De
1666 2560 1807 2604 Prie.
1833 2558 1880 2604 in
1908 2558 1969 2603 6⁰.
1989 2555 2082 2603 Hic
2106 2557 2247 2604 artic.
2274 2556 2403 2603 duas

1343 2631 1493 2678 habet
1539 2635 1739 2692 partes:
1779 2643 1882 2676 una
1928 2633 2120 2675 coercet
2155 2628 2404 2675 violantes

1340 2701 1609 2748 interdicta
1642 2701 1834 2756 localia,
1869 2699 2027 2747 altera
2058 2714 2142 2746 eos
2167 2699 2255 2760 qui
2288 2711 2404 2745 cum

1338 2773 1793 2820 excommunicatis
1827 2772 2202 2819 communicant
2237 2773 2286 2818 in
2321 2770 2402 2817 di·

1341 2845 1487 2891 vinis.
1517 2844 1686 2890 Prima
1711 2848 1844 2891 tenet
1864 2845 2194 2897 celebrantes,
2216 2844 2295 2889 vel
2318 2854 2401 2891 ce·

1340 2918 1543 2964 lehi-are
1570 2915 1830 2973 facientes
1862 2916 1911 2960 in
1947 2914 2069 2961 locis
2105 2914 2407 2961 nominatim

1338 2987 1502 3035 l'Suar.
1537 2987 1736 3033 Benaci.
1764 2985 1955 3045 Lsym.)
1984 2986 2285 3032 interdictis.
2308 2983 2404 3032 Ye-

1340 3073 1448 3104 rum
1476 3060 1519 3104 si
1541 3060 1658 3118 quis
1683 3060 1805 3104 haec
1828 3058 2082 3117 praestitit
2099 3055 2279 3104 diebus
2295 3055 2406 3119 qui·

1340 3129 1431 3175 bus
1453 3129 1582 3178 licet.
1601 3132 1650 3174 et
1668 3128 1883 3174 servatis
1904 3126 2278 3175 conditionibus
2296 3127 2408 3188 qui·

1340 3199 1431 3245 bus
1487 3198 1622 3248 licet,
1669 3211 1828 3259 poena
1881 3201 2063 3244 cessat.
2106 3198 2405 3246 Facoeneem

1337 3286 1403 3317 au
1413 3276 1510 3319 cem
1528 3272 1786 3319 celebrare
1802 3282 1915 3315 eum
1937 3269 2145 3330 accipio,
2164 3271 2250 3330 qui
2272 3273 2320 3315 te
2338 3267 2404 3315 ad

1335 3341 1688 3390 celebrandum
1715 3345 1895 3396 movet,
1919 3340 2047 3388 alias
2071 3354 2168 3387 non
2188 3340 2397 3388 celebra·

1335 3421 1508 3462 turum
1523 3429 1535 3468 ;
1552 3414 1659 3460 sive
1669 3412 1860 3475 jubeat.
1871 3413 1981 3460 sive
2001 3416 2157 3472 roget,
2170 3412 2278 3458 sive
2297 3416 2409 3458 tan·

1335 3492 1442 3532 tum
1468 3485 1695 3532 suadeat.
1715 3482 1888 3532 Altera
1909 3486 2049 3531 tenet
2072 3482 2400 3529 admittentes

1335 3553 1799 3604 excommunicatos
1817 3555 2113 3603 nominatim
2136 3562 2251 3604 (non
2277 3555 2400 3599 item

1335 3627 1649 3682 interdictos,
1680 3630 1739 3674 ut
1777 3629 1944 3683 antea)
1988 3625 2048 3671 ad
2083 3624 2256 3671 divina
2290 3623 2399 3671 offl-

1333 3701 1423 3751 cia‚
1444 3703 1534 3746 etc.
1559 3698 1706 3746 Porro
1729 3698 1822 3745 boc
1846 3696 2051 3744 verbum
2077 3698 2408 3743 admittentes

1333 3769 1559 3818 ostendit
1589 3781 1693 3827 eos,
1724 3772 1796 3816 ad
1826 3780 2047 3828 quorum
2081 3778 2267 3814 curam
2293 3778 2406 3824 epe-
