2548 4042
111 42 215 101 232
524 60 650 100 rins
684 58 886 99 ruina·
907 57 1273 100 rnottoontu
1296 69 1320 84 -
1341 58 1516 100 mcv.
1539 14 1607 98 m'.
1629 52 1709 99 mi
1744 5 1987 100 neuim

114 145 340 201 cultum
369 144 769 215 reputabitur3
802 142 1037 199 tametsi
1070 142 1304 214 injuste.
1334 142 1431 198 vel
1461 158 1536 199 ex
1564 142 1726 199 falsis
1751 142 2028 207 testibus,
2047 116 2152 201 vel
2181 120 2460 239 maniat:

114 235 237 289 suis
275 234 502 288 artibus
544 232 676 303 (57),
718 235 779 288 et
823 236 1053 288 tantum
1102 235 1164 286 ab
1202 234 1457 287 instantia
1496 231 1609 303 (58)
1667 232 1971 289 absolutus
2024 232 2221 289 fuerit.
2262 231 2406 290 Ad

116 325 465 386 extremum,
507 325 552 378 si
600 324 655 377 iu
699 323 984 393 rescripto
1024 324 1374 387 continetur,
1418 324 1503 379 uti
1547 339 1703 379 nunc
1741 324 1979 389 assolet,
2015 326 2200 380 audita
2237 340 2358 381 oon·

113 415 334 475 fossione
373 415 761 478 sacramentali,
805 414 912 467 hac
952 413 1165 469 omissa
1207 413 1351 469 nihil
1395 414 1510 469 erit
1549 416 1773 477 actum;
1822 413 1925 469 sed
1964 413 2010 469 si
2053 413 2219 469 nulla
2258 411 2354 471 vel
2511 459 2527 479 .,

114 502 408 571 sacrilega
449 503 623 557 suerit
666 502 810 557 nihil
854 504 1043 558 oberit
1084 502 1214 573 (59).

188 592 314 647 243.
341 593 645 661 Rescripta
673 593 1087 648 desiderantur
1110 594 1164 646 in
1191 593 1401 662 gratiis
1422 592 1724 647 Pontificis
1755 592 1910 665 (nam
1938 597 2013 649 ab
2035 590 2358 650 ordinariis
2436 575 2437 578 Ἴ

115 681 297 735 etiam
337 687 617 736 oretenus
659 697 935 738 concessa
966 683 1204 755 valent).
1253 683 1595 746 Quaesitum
1628 687 1718 738 est
1749 688 1939 738 utrum
1968 683 2095 754 (seu
2124 684 2358 754 gratiae

115 770 306 826 factae
329 772 464 835 sint,
508 787 612 826 seu
656 772 978 846 faciendae)
1010 776 1241 842 gratiae
1274 772 1601 843 hujusmodi
1633 775 1991 843 suffrayentur
2017 776 2156 829 ante
2185 788 2359 844 expe-

114 860 272 916 ditas
314 861 517 916 literas
563 863 936 932 Apostolicas.
983 864 1052 917 Et
1089 864 1143 917 in
1190 863 1308 917 foro
1336 865 1583 917 externo
1627 878 1736 917 non
1779 863 2091 932 suffragari
2133 862 2358 919 definiti

106 951 262 1022 juris
290 955 380 1006 est
406 951 543 1024 (60).
586 953 696 1007 Sed
744 954 936 1006 utrum
978 954 1064 1007 eis
1106 952 1485 1007 nihilominus
1529 953 1708 1008 liceat
1752 954 1832 1007 uti
1874 954 1930 1006 in
1975 953 2096 1008 foro
2127 952 2362 1009 interno

114 1056 229 1096 non
266 1042 412 1096 satis
441 1043 741 1097 convenit:
775 1046 999 1111 negant
1029 1042 1282 1112 quidam,
1325 1044 1538 1113 quippe
1576 1043 1763 1113 ajunt,
1809 1043 2021 1098 literae
2063 1042 2379 1126 pertinent¹
2431 1024 2433 1027 ’

112 1130 598 1203 adformam(6l):
642 1133 937 1186 affirmant
965 1132 1064 1186 alii
1097 1133 1252 1202 quia,
1285 1133 1576 1203 inquiunt,
1620 1134 1691 1187 ad
1739 1134 2140 1203 probationem
2184 1134 2358 1204 perti-

117 1225 265 1276 nent
297 1219 428 1294 (62).
461 1223 530 1275 Et
559 1226 650 1276 est
677 1223 941 1292 aequius,
987 1222 1158 1276 immo
1187 1222 1312 1292 juri
1356 1223 1704 1277 conformius
1744 1222 1874 1292 (63),
1905 1225 1964 1278 et
2006 1223 2362 1279 communis-

119 1311 328 1366 simum
367 1310 499 1383 (64).

192 1403 319 1456 244.
350 1402 438 1455 Ad
483 1401 749 1456 ultimum
791 1401 1139 1456 admonendi
1182 1417 1382 1456 sumus
1422 1402 1473 1456 S.
1517 1402 1723 1457 Sedem
1769 1419 2185 1479 nonnunquam
2226 1418 2359 1459 con·

114 1492 326 1547 cedere
366 1493 438 1545 ad
482 1493 774 1546 cautelam
806 1492 1137 1563 privilegia,
1169 1494 1227 1546 et
1269 1491 1754 1559 dispensationeS‚
1787 1493 1927 1548 licet
1969 1495 2026 1549 id
2068 1494 2126 1548 in
2170 1494 2361 1550 literis

121 1599 236 1639 non
282 1582 679 1651 exprimatur:
724 1596 933 1650 nempe
974 1581 1113 1651 quia
1154 1581 1340 1635 multa
1379 1584 1580 1634 dantur
1616 1583 1687 1634 ad
1714 1585 1985 1652 pacandas
2022 1586 2363 1638 conscienciae

118 1682 171 1729 et
204 1674 497 1743 εονςιριιῑοε,
537 1678 587 1724 et
621 1672 691 1723 ad
716 1672 870 1723 dubia
898 1668 1014 1741 (65)
1058 1686 1122 1723 em
1161 1673 1326 1723 variis
1366 1673 1688 1740 opinionibus
1729 1677 1842 1726 orta
1883 1674 2185 1728 removenda
2211 1671 2359 1747 (66):

118 1902 254 1949 Haec
314 1899 539 1946 defectus
595 1900 794 1943 tantum
852 1894 1190 1942 accidentales

118 1971 340 2033 supplet,
385 1983 485 2015 non
535 1970 654 2014 item
702 1967 1095 2020 substantiales3
1143 1970 1193 2011 et

119 2045 175 2090 in
207 2042 387 2104 primis
410 2055 495 2087 eos
528 2043 614 2100 qui
642 2054 739 2086 non
775 2039 1081 2099 supplentur
1100 2052 1192 2096 per

118 2120 315 2161 motum
335 2118 608 2171 proprium
631 2111 703 2165 (V.
730 2111 939 2157 Salinat.
966 2111 1034 2164 18,
1059 2112 1095 2165 1,
1118 2111 1191 2157 51.

119 2186 172 2234 8.
194 2185 343 2245 Alph.
366 2185 474 2230 Lib.
503 2184 539 2235 I,
566 2187 690 2243 App.
716 2182 878 2236 11,V,.

180 2259 236 2304 57
270 2256 452 2304 Sanch.
487 2255 548 2300 M.
572 2255 626 2306 ΙΙ,
660 2255 734 2308 37,
764 2255 839 2305 12;
875 2254 988 2302 VIII,
1023 2254 1097 2307 34,
1120 2253 1191 2298 57.

120 2329 262 2376 Suar.
286 2330 360 2376 De
389 2329 592 2373 Censur.
615 2327 687 2378 41,
706 2326 749 2374 2.
772 2326 800 2369 6
823 2325 874 2370 iu
899 2325 930 2370 fi
952 2357 963 2378 ‚
986 2324 1191 2370 Salmat.

126 2401 193 2455 10,
218 2401 259 2450 2,
283 2400 354 2444 60.
380 2398 429 2445 S.
454 2397 604 2458 Alph.
629 2396 722 2449 VII,
746 2397 818 2440 76.

179 2472 238 2515 58
263 2471 441 2517 Sanch.
465 2472 545 2515 cit.
572 2484 618 2515 n.
637 2469 713 2514 57.
736 2469 885 2513 Porro
906 2469 970 2513 ab
994 2469 1195 2512 instan-

123 2545 198 2589 tia
233 2541 500 2587 absolutus
536 2540 737 2594 dicitur,
774 2553 868 2584 non
905 2539 949 2584 is
988 2538 1074 2598 qui
1112 2538 1190 2582 in·

119 2626 307 2660 nocens
340 2612 591 2672 apparuit,
627 2610 715 2655 sed
750 2611 792 2655 is
828 2610 975 2670 cujus
1002 2611 1191 2655 crimen

122 2683 399 2744 semiplene
424 2688 622 2728 tanturn
644 2681 909 2740 probatum
930 2681 1041 2725 fuit.
1061 2680 1194 2724 Idem

114 2757 249 2815 juris
283 2760 360 2800 est
392 2756 436 2799 si
471 2753 717 2799 dimissus
741 2752 840 2796 fuit
870 2777 888 2784 -
920 2753 1066 2810 quasi
1091 2763 1195 2795 non

122 2831 360 2883 repertus
380 2826 661 2882 culpabilis
689 2848 708 2858 ·
737 2823 907 2879 (Saltu,
939 2823 999 2875 10,
1037 2823 1076 2872 2,
1109 2822 1191 2870 6ος

121 2898 304 2945 Bened.
341 2895 463 2947 XIV,
500 2896 608 2940 Not.
642 2895 716 2946 87,
749 2896 843 2942 49).
877 2894 1196 2949 Quaestionis

122 2972 201 3015 est
221 2983 284 3014 an
304 2967 511 3017 absolvi,
532 2966 817 3027 dispensari
839 2967 1002 3026 possit
1021 2966 1064 3009 si
1084 2978 1195 3010 eon·

127 3039 396 3086 demnatus
430 3053 641 3099 poenam
667 3038 840 3082 luerit:
866 3043 1053 3096 negant
1071 3036 1197 3083 Gut-

123 3112 247 3156 tier..
284 3110 443 3163 Suar,
488 3109 604 3160 Pal..
641 3110 838 3162 Bonae„
872 3110 992 3169 quia
1027 3121 1198 3153 revera

125 3181 384 3242 publicum
444 3186 550 3232 est:
609 3181 861 3226 affirmant
914 3178 1193 3237 Reginald„

126 3252 290 3300 Avila.
315 3251 509 3302 Sanch„
536 3252 689 3297 Salm.
711 3251 770 3304 X,
788 3251 849 3300 II,
867 3252 941 3302 61,
959 3251 1030 3295 62.
1058 3250 1197 3295 Prior

129 3325 384 3369 sententia
408 3323 528 3367 mihi
557 3337 616 3367 ex
645 3324 757 3383 jure
785 3324 966 3367 verior:
1002 3321 1089 3366 sed
1113 3335 1199 3366 ca-

121 3397 318 3452 pienda
351 3396 552 3440 occasio
580 3400 653 3439 est
674 3407 805 3453 quae
821 3395 1036 3450 praebet
1059 3395 1198 3439 beni·

122 3467 283 3522 attius
314 3478 616 3521 responsum
650 3465 722 3509 (L.
755 3466 847 3507 129.
874 3464 1032 3509 DeR.
1059 3466 1098 3508 I.
1115 3478 1134 3507 1.

187 3537 246 3581 59
279 3536 484 3582 Filiuec.
516 3536 582 3580 10.
606 3535 718 3586 3553
755 3535 825 3580 De
858 3536 989 3579 Just.
1016 3534 1052 3586 1,
1080 3534 1195 3578 VIII

126 3622 157 3654 a
190 3622 236 3653 n.
277 3607 373 3652 105.
406 3606 549 3658 Item,
582 3610 638 3650 ut
673 3612 794 3664 puto
831 3609 876 3657 (ξ
909 3606 982 3657 25,
1023 3606 1112 3661 13),
1153 3605 1196 3650 51

126 3681 448 3727 inabsolutus
475 3680 787 3735 discesserIt;
820 3686 925 3724 tum
962 3682 1081 3739 quia
1106 3679 1197 3724 hoc

123 3752 290 3798 levius
325 3753 568 3798 delictum
597 3755 689 3806 est,
714 3755 821 3795 tum
847 3752 965 3809 quia
988 3750 1197 3795 docente

1294 1896 1345 1943 Ρ.
1378 1896 1541 1943 Leone
1575 1912 1651 1958 ap.
1684 1898 1757 1944 De
1790 1900 1956 1947 Justis
1983 1914 2031 1946 n.
2060 1901 2161 1957 112,
2193 1902 2363 1962 poeni·
2429 1911 2433 1915 '

1293 1972 1406 2013 tens
1433 1981 1535 2015 non
1558 1973 1799 2017 redditur
1819 1974 2054 2029 incapax·
2075 1973 2366 2031 recipiendi

1293 2051 1353 2084 ea
1377 2042 1638 2098 beneficia,
1661 2055 1795 2099 quae
1820 2046 1882 2089 de
1917 2045 1999 2090 sui
2021 2049 2223 2091 natura
2256 2057 2363 2094 esse

1288 2113 2363 2171 possuntsineconfessionesacramentali.

1353 2183 1410 2226 60
1448 2183 1552 2243 Reg·
1598 2184 1668 2229 52.
1705 2183 1853 2231 Canc.
1889 2188 2062 2245 Apost.
2088 2188 2207 2234 Non
2238 2186 2360 2247 suf-

1293 2257 1605 2315 frayantur,
1622 2256 1756 2302 idest
1773 2258 1848 2302 uti
1868 2258 1942 2303 eis
1965 2271 2064 2303 non
2089 2271 2363 2318 possumus

1296 2329 1345 2372 in
1381 2328 1484 2374 foro
1517 2332 1745 2380 extern03
1783 2343 1898 2374 nam
1925 2334 2062 2376 ratae
2085 2333 2224 2383 sunt,
2246 2329 2366 2376 licet

1296 2399 1534 2445 informes
1569 2401 1709 2455 (Citt.
1734 2401 1886 2460 Regg.
1914 2400 1984 2453 27,
2022 2400 2124 2454 31),
2152 2399 2365 2470 ideoque

1298 2464 1495 2506 mortuo
1520 2459 1775 2512 Pontificc‚
1799 2461 2020 2506 nondum
2056 2462 2130 2506 eis
2163 2459 2368 2519 expedi-

1297 2531 1382 2584 tis,
1415 2530 1551 2576 haud
1575 2532 1811 2591 expirant
1837 2531 1981 2590 (Vide
2010 2531 2081 2576 De
2102 2531 2234 2577 Just.
2257 2530 2293 2587 1,
2321 2530 2365 2587 3,

1298 2604 1369 2656 42,
1403 2604 1530 2660 etc).

1355 2678 1404 2718 61
1448 2675 1651 2734 Riganti
1686 2676 1734 2720 in
1769 2676 1853 2720 cit.
1889 2688 1989 2734 reg.
2024 2673 2095 2719 52.

1354 2748 1414 2791 62
1447 2748 1589 2793 Suar.
1620 2745 1699 2798 VI,
1730 2746 1794 2798 13,
1829 2748 1870 2791 4.
1906 2745 1955 2790 Ρ.
1981 2745 2079 2791 Leo
2104 2746 2155 2790 in
2190 2745 2360 2791 Praxi

1302 2821 1348 2864 S.
1369 2821 1564 2866 Poenit.
1587 2833 1665 2877 ap.
1685 2818 1755 2862 De
1772 2818 1903 2863 Just.
1927 2819 1960 2872 I,
1981 2819 2023 2867 3,
2042 2818 2120 2871 28;
2140 2811 2365 2874 Navarr„

1297 2892 1478 2938 Sanch.
1500 2891 1559 2945 Μ.
1577 2889 1704 2941 VIII,
1725 2894 1765 2942 4,
1793 2892 1823 2934 l.
1846 2889 1984 2935 Pont.
2005 2886 2302 2943 M.V111,15‚
2322 2889 2363 2935 2.

1356 2964 1414 3007 63
1444 2963 1497 3007 V.
1521 2961 1700 3008 Sanch.
1727 2962 1787 3007 M.
1814 2961 1945 3011 VIII,
1967 2961 2040 3013 29,
2063 2961 2103 3006 2.
2134 2959 2207 3005 De
2230 2960 2366 3006 Just.

1296 3035 1334 3088 1,
1369 3037 1411 3087 3,
1446 3035 1515 3078 25.

1356 3108 1414 3151 64
1448 3105 1502 3150 L.
1532 3106 1573 3151 5.
1611 3107 1663 3153 C.
1688 3105 1763 3152 De
1809 3106 2075 3150 Trans-act.
2113 3129 2136 3138 -
2170 3102 2365 3163 Nempe

1295 3178 1426 3223 fiunt
1446 3179 1726 3236 scripturae
1749 3180 1802 3220 ut
1826 3175 1958 3236 quod
1983 3179 2150 3221 actum
2175 3178 2254 3220 est
2280 3187 2367 3234 per

1296 3263 1381 3295 eas
1405 3248 1607 3294 facilius
1631 3247 1825 3307 probari
1851 3247 2014 3306 possit
2033 3245 2105 3302 (L.
2125 3247 2167 3290 4.
2186 3245 2260 3291 De
2279 3246 2367 3292 Pia

1293 3322 1524 3377 onmia).
1814 3310 1817 3314 ⁵

1355 3392 1414 3435 65
1447 3391 1586 3437 Suar.
1621 3389 1751 3442 VIII,
1786 3389 1856 3443 22,
1892 3390 1932 3443 3,
1969 3388 2083 3448 ibiq.
2119 3386 2364 3442 Panorm„

1297 3463 1536 3515 Mandos„
1557 3462 1770 3520 Rodriq.‚
1790 3460 1971 3506 Sanch.
1992 3460 2054 3507 M.
2074 3459 2203 3513 VIII,
2221 3461 2264 3512 6,
2282 3457 2360 3514 29;

1298 3534 1368 3579 De
1401 3535 1532 3580 Just.
1565 3533 1626 3584 II,
1662 3533 1721 3587 II,
1758 3532 1852 3587 177,
1887 3535 1938 3577 et
1969 3534 2093 3578 sunt
2124 3530 2359 3591 frequen-

1296 3607 1424 3651 tiora
1459 3606 1619 3654 (Suar.
1643 3619 1691 3649 n.
1714 3605 1777 3649 61

1355 3679 1414 3722 66
1451 3678 1609 3722 Diana
1643 3677 1725 3721 To.
1759 3676 1847 3729 111,
1882 3675 1959 3722 Tr.
1992 3673 2069 3729 VI,
2103 3672 2265 3719 Resol.
2288 3671 2362 3727 54,

1295 3763 1344 3794 n.
1367 3750 1407 3793 3.
1433 3747 1610 3794 Bened.
1634 3745 1766 3800 XIV,
1790 3745 1903 3793 Not.
1934 3746 2028 3800 101,
2054 3746 2096 3789 5.
2120 3743 2265 3790 Suar.
2286 3744 2366 3791 De

2491 667 2548 784 1

2532 786 2548 858 i

2533 3014 2543 3024 ⁸
2534 2903 2548 2990 1-’..·.
2519 2234 2548 2870 ιζ’-Μτζιᾶψᾈιῖωὴαώζέτμ
2526 2127 2548 2219 ΑΛ..
2543 2055 2548 2075 .,
