2548 4042
154 13 255 72 364
389 32 515 70 rans
550 30 702 71 mm
726 42 751 56 ·
771 24 1140 70 saczsensem
1163 41 1189 55 -
1208 0 1470 71 ratur-'vi
1503 6 1573 72 'nn
1591 0 2294 85 ωικις”ῃὶιίη5υῆ’ἓ“
2335 16 2354 49 ῑ·
2407 42 2430 57 *v

885 230 1267 286 ART.111.De
1307 230 1664 300 Summam.
1696 231 1699 235 ’

229 379 357 434 379.
391 379 710 447 Suspensio
749 375 1120 447 (vocabulum
1163 379 1219 434 in
1253 380 1390 449 jure
1427 380 1709 436 canonico
1748 382 1999 440 maxime
2041 385 2287 448 varium,
2329 387 2394 443 et

156 467 448 523 interdum
480 467 764 523 latissime
793 468 1124 539 acceptum)
1154 469 1282 522 heic
1304 469 1533 523 definiri
1564 472 1755 539 potest
1783 473 2178 540 generaliter:
2209 503 2240 515 -
2261 474 2412 528 Pro·-

161 558 349 621 laetitio,
374 574 474 625 qua
501 558 723 611 οἰκίσειε
749 572 898 611 sacro
926 559 1212 611 ministerio
1239 558 1578 612 interdicitur
1605 556 1703 630 (1).
1734 559 1971 616 Sacrum
1998 561 2392 618 ministerium

154 645 474 714 accipimus
501 660 730 699 omnem
750 660 954 700 sacrae
986 646 1295 715 potestatis
1320 661 1511 701 usum:
1540 647 1895 704 interdicere
1925 665 2063 705 vero
2086 655 2195 712 est,
2226 666 2392 707 usum

157 734 483 804 hujusmodi
525 735 598 789 ad
642 739 872 804 tempus
915 735 1235 804 prohibere.
1279 735 1592 806 Suspensio
1641 739 1790 791 solos
1830 738 2076 795 clericos
2116 739 2391 809 attingit:

156 827 215 878 et
257 824 396 893 quia
442 838 513 878 ea
558 838 727 879 sacra
775 824 1121 886 ministeria,
1165 839 1318 895 quae
1356 826 1672 881 cohaerent
1713 826 2033 883 minoribus
2071 829 2392 894 ordinibus,

157 911 326 967 hodie
364 929 400 966 a
430 912 594 967 laicis
623 928 853 984 quoque
882 913 1027 967 obiri
1064 914 1274 975 solent,
1304 914 1609 983 suspensio
1638 915 1694 969 in
1725 915 1959 971 ordines
1997 918 2251 973 minores
2278 932 2392 974 non
2419 984 2421 986 ,
2500 908 2516 926 ‘

158 1002 314 1057 cadit
339 1001 446 1071 (52);
470 1017 655 1072 eoque
684 1003 876 1057 minus
905 1002 1063 1057 cadit
1093 1002 1150 1056 in
1184 1002 1425 1072 primam
1457 1004 1773 1068 tonsuram,
1796 1019 1948 1075 quae
1975 1021 2083 1060 nec
2113 1006 2252 1061 ordo
2280 1007 2390 1071 est,

155 1091 255 1147 sed
287 1092 657 1161 praeparatio
695 1093 766 1146 ad
808 1093 1043 1147 ordines
1069 1090 1163 1163 (3).
1195 1093 1400 1163 Itaque
1430 1093 1738 1163 suspensio
1764 1107 2067 1150 Pssomssn‘r
2095 1108 2231 1150 usu:
2267 1110 2394 1166 pro«

153 1181 297 1243 hibet,
323 1196 531 1250 nempe
561 1182 615 1235 vi
647 1196 776 1244 sua;
808 1186 869 1236 et
897 1182 1111 1236 exinde
1141 1182 1319 1236 distat
1349 1185 1408 1236 et
1437 1184 1510 1237 ab
1541 1183 1855 1239 interdicto
1886 1185 2195 1255 personali,
2223 1187 2285 1241 et
2316 1186 2392 1241 ab

155 1270 610 1339 irregularitate,
652 1286 805 1340 quae
849 1270 938 1324 his
981 1285 1081 1325 nos
1125 1271 1431 1340 prohibent
1475 1272 1758 1329 indirecte
1802 1277 1861 1328 et
1903 1275 2069 1344 quasi
2117 1289 2219 1344 per
2257 1288 2394 1330 con·

153 1373 429 1429 sequens:
459 1376 583 1424 usu,
623 1364 682 1413 et
726 1360 833 1413 hoc
875 1359 1109 1414 nomine
1148 1375 1184 1413 a
1210 1361 1509 1430 depositione
1551 1362 1750 1426 distat,
1780 1378 1931 1434 quae
1971 1365 2046 1419 ab
2076 1363 2198 1433 ipso
2227 1378 2392 1420 sacro

154 1447 478 1503 ministerio
518 1464 621 1503 nos
662 1449 839 1518 ejicit.
872 1449 971 1503 Est
1010 1452 1207 1503 autem
1251 1450 1464 1519 triplex
1504 1449 1560 1503 in
1593 1451 1730 1520 jure
1772 1452 2055 1507 canonico
2092 1453 2397 1520 hujusmodi

156 1542 551 1607 suspensionum
566 1556 762 1608 qemun
779 1554 912 1593 nam
932 1539 1218 1608 quaedam
1243 1539 1393 1593 citra
1414 1555 1643 1595 omnem
1665 1540 1897 1611 culpam
1920 1543 2028 1611 exj
2045 1545 2175 1596 usta
2195 1540 2397 1614 aliqua

159 1643 339 1683 causa
364 1628 716 1696 irrogantur,
739 1629 1026 1698 quaedam
1059 1628 1114 1682 in
1140 1628 1460 1683 vindictam
1490 1629 1810 1699 perpetrati
1840 1630 2093 1701 alicujus
2115 1630 2394 1695 criminis,
2478 1696 2485 1700 .

155 1718 443 1787 quaedam
471 1718 543 1771 ad
574 1718 958 1772 coercendam
995 1718 1419 1772 contumaciam
1452 1721 1519 1773 ut
1549 1733 1687 1773 rens
1716 1719 1892 1774 citius
1922 1719 2226 1789 resipiscat
2242 1716 2397 1776 :illae
2481 1707 2483 1710 Α

155 1823 350 1862 merae
378 1808 733 1877 privationes
762 1811 918 1871 sunt,
940 1810 1069 1860 istae
1101 1822 1321 1876 poenae
1346 1808 1450 1862 sim
1459 1808 1708 1877 pliciter,
1730 1810 1824 1863 hae
1847 1823 2132 1864 censurae
2155 1810 2272 1864 vim
2298 1810 2391 1866 ha·

155 1897 296 1953 bent
317 1897 414 1967 (4):
448 1898 611 1952 nobis
639 1898 712 1952 de
743 1897 832 1951 his
861 1900 1116 1960 tantnim
1143 1912 1248 1952 seu
1271 1898 1341 1952 de
1372 1899 1855 1967 suspensionibus
1884 1898 2087 1954 stricte
2116 1896 2415 1969 acceptis.

226 1989 353 2043 380.
391 1987 597 2057 Itaque
638 1988 942 2056 suspensio
983 1989 1189 2042 stricta
1219 1987 1657 2057 significatione
1688 1990 1805 2042 est:
1836 2015 1870 2027 -
1904 1987 2137 2041 Censura
2165 2005 2267 2058 qua
2292 1990 2394 2043 clo-

153 2079 299 2130 ricus
337 2079 492 2143 officio
533 2076 856 2146 beneficioque
895 2078 1228 2131 interdicitur
1255 2107 1288 2117 -
1309 2078 1570 2130 Censura:
1602 2077 1731 2131 ideo
1761 2091 2002 2132 necesse
2033 2080 2139 2139 est,
2179 2082 2243 2132 ut
2271 2077 2395 2133 lata.

152 2167 228 2221 sit
255 2168 326 2220 ob
354 2167 650 2229 delictum,
682 2170 746 2221 et
774 2166 1199 2221 contumaciam
1229 2167 1339 2237 (5);
1384 2169 1566 2236 utque
1610 2166 1987 2236 simpliciter;
2019 2183 2131 2222 non
2175 2168 2233 2222 iu
2266 2182 2395 2238 per-

156 2260 413 2325 petuum,
444 2272 551 2312 nec
576 2257 631 2310 in
657 2257 809 2311 diem
835 2261 1078 2318 certum,
1105 2271 1213 2310 nec
1239 2258 1311 2310 ad
1335 2256 1643 2310 arbitrium
1670 2270 1799 2310 eam
1824 2256 2143 2325 irrogantis
2163 2256 2220 2326 (ἓ
2239 2254 2389 2330 357).

150 2347 367 2409 Officio,
398 2349 457 2401 et
488 2347 796 2409 beneficio;
823 2361 1030 2415 nempe
1051 2347 1175 2415 Jam
1206 2345 1518 2414 susceptis;
1540 2345 1694 2415 Juris
1723 2346 1876 2400 enim
1922 2347 2175 2400 nondum
2215 2360 2392 2416 quae·

152 2436 247 2489 siti
289 2436 609 2504 suspensio,
654 2451 727 2490 ne
771 2436 1029 2503 intelligi
1072 2436 1310 2505 quidem
1355 2439 1546 2505 potest
1583 2434 1683 2507 (6):
1718 2435 1777 2490 in
1819 2451 1932 2505 quo
1972 2451 2176 2490 rursus
2215 2436 2393 2490 distat

148 2528 222 2581 ab
264 2526 722 2593 irregularitate,
753 2541 904 2595 quae
945 2529 1110 2580 arcet
1151 2527 1224 2579 ab
1269 2525 1359 2579 his
1401 2525 1792 2594 suscipiendis
1836 2525 1934 2594 (7).
1977 2515 2390 2583 Fer-rientem

154 2619 347 2684 potest
368 2615 460 2670 vel
484 2617 558 2668 ab
581 2615 769 2668 officio
792 2619 1038 2677 tantum,
1062 2615 1157 2670 vel
1183 2618 1411 2670 tantum
1433 2632 1470 2670 a
1493 2614 1793 2678 beneficiO,
1816 2616 1908 2668 vel
1931 2616 2005 2669 ab
2031 2621 2276 2686 utroque
2293 2612 2390 2688 (8),
2430 2642 2434 2650 ·
2460 2623 2502 2667 11

152 2804 417 2849 contraria.
441 2815 634 2861 nempe.
654 2802 774 2861 quia
801 2801 923 2846 haec
947 2800 1219 2861 prohibitio

153 2877 231 2920 est
250 2874 453 2933 gravior
476 2885 653 2931 poena:
678 2871 828 2917 tertia
849 2871 1145 2930 distinguit:
1171 2875 1221 2916 et

156 2943 322 3004 quoad
357 2949 525 2988 vetera
558 2939 822 3002 privilegia
847 2942 935 2993 illi,
963 2942 1128 3002 quoad
1164 2957 1221 2987 ea

161 3027 287 3073 quae
314 3017 635 3061 continentur
657 3014 707 3058 in
731 3015 783 3062 C.
804 3018 969 3065 Alma,
993 3013 1111 3059 huic
1137 3012 1222 3058 ad-

161 3085 357 3139 haeret;
398 3086 658 3131 distinctio
700 3098 908 3145 prorsus
952 3083 1222 3138 cerebrina,

155 3156 232 3200 uti
263 3155 387 3201 belle
411 3156 633 3201 ostendit
665 3155 958 3201 Suaresius:
999 3154 1222 3200 secunda

153 3239 215 3271 ex
231 3226 344 3287 J‘ure
369 3226 598 3271 fortassis
624 3229 799 3278 verior,
821 3228 984 3285 prima
1003 3227 1219 3284 aequior.

216 3300 233 3343 l
262 3297 322 3343 V.
345 3297 542 3344 Berard.
564 3298 644 3343 To.
666 3298 749 3351 IV,
766 3311 885 3358 pars
905 3296 966 3350 11,
986 3296 1114 3356 disp.
1142 3296 1220 3351 Vl,

154 3383 264 3429 cap.
286 3368 368 3412 VI.

212 3441 239 3484 2
272 3439 415 3485 Suar.
448 3438 521 3491 26,
555 3439 597 3493 3,
638 3439 709 3490 10;
744 3439 950 3485 Salmat.
990 3439 1055 3491 10,
1078 3439 1120 3491 5,
1144 3438 1217 3484 24.

162 3511 300 3570 Sayr.
334 3509 418 3564 IV,
458 3510 523 3562 16,
563 3510 627 3552 ll.
661 3509 866 3556 Navarr.
899 3511 974 3564 27,
999 3510 1102 3554 244.
1127 3510 1218 3555 Eo-

162 3594 257 3641 que
278 3581 446 3625 minus
466 3579 871 3638 attingitmunns
890 3579 1216 3640 praedicandi

155 3651 315 3709 (Sayr.
349 3664 395 3695 n.
428 3650 520 3702 20).

214 3722 241 3764 3
276 3721 419 3766 Suar.
455 3720 528 3775 40,
566 3721 602 3775 l,
642 3720 707 3763 ll.

1388 2806 1411 2843 4
1428 2801 1569 2847 Suar.
1586 2802 1660 2857 25,
1680 2804 1715 2856 l,
1733 2804 1771 2847 2.
1785 2803 1919 2849 Haec
1936 2815 2195 2848 secernere
2212 2802 2391 2863 quanti

1325 2872 1526 2917 intersit
1567 2874 1820 2918 neminem
1868 2874 2012 2933 fugit.
2054 2875 2288 2928 Ceterum
2338 2873 2391 2919 in

1326 2943 1470 2990 Cous.
1490 2944 1576 3000 Ap.
1597 2942 1742 2989 Sedis
1763 2956 1937 2989 omnes
1957 2956 2285 2989 censurarum
2306 2954 2394 2989 no·

1326 3013 1458 3057 mine
1479 3018 1817 3067 recensentur,
1835 3027 2012 3072 nempe
2037 3013 2212 3059 latiore
2231 3013 2391 3073 signi-

1325 3084 1580 3140 ficatione3
1613 3088 1662 3129 et
1694 3084 1853 3139 nulla,
1876 3083 2009 3145 quod
2047 3084 2107 3129 ad
2133 3097 2278 3130 sacra
2300 3085 2391 3130 mi-

1325 3155 1534 3200 nisteria
1548 3154 2391 3214 conferenda,superestsuspensio

1323 3225 1375 3280 (l.
1399 3234 1478 3279 c.)‚
1506 3238 1636 3285 quae
1670 3238 1784 3271 vere
1817 3239 2031 3271 censura
2065 3225 2165 3272 dici
2203 3226 2388 3286 possit:

1325 3300 1374 3340 et
1407 3310 1581 3342 omnes
1615 3296 1668 3342 R.
1699 3296 1748 3343 P.
1783 3302 2121 3342 reservantur.

1383 3369 1412 3411 5
1444 3367 1589 3414 Suar.
1622 3369 1694 3417 25,
1736 3369 1773 3422 l,
1806 3368 1848 3412 2.

1381 3440 1410 3483 6
1443 3438 1588 3485 Suar.
1620 3439 1692 3492 26,
1727 3439 1769 3492 3,
1810 3439 1876 3486 ll.
1899 3438 2086 3486 Contra
2118 3437 2271 3484 Salm.
2294 3437 2328 3484 1.
2347 3449 2389 3484 c.

1380 3512 1408 3553 7
1447 3510 1546 3555 Pal.
1569 3509 1626 3556 D.
1650 3509 1729 3563 lv,
1756 3509 1805 3555 P.
1829 3511 1871 3564 5,
1897 3524 1942 3555 n.
1966 3510 2007 3554 2.
2034 3508 2182 3555 saltn.
2206 3522 2253 3554 n.
2277 3508 2321 3562 3.

1382 3582 1410 3625 8
1443 3581 1495 3628 C.
1525 3582 1573 3624 ll
1606 3582 1682 3627 De
1707 3581 1886 3627 Prz‘vil.
1910 3579 2008 3626 Sed
2041 3580 2164 3626 haec
2197 3577 2388 3633 totalis,

1322 3665 1419 3695 non
1469 3650 1672 3710 duplex,
1715 3651 1983 3710 suspensio
2023 3653 2102 3695 est
2135 3647 2211 3707 (V.
2243 3649 2388 3695 Suar.

1321 3722 1395 3775 25,
1430 3720 1470 3774 2,
1505 3723 1569 3768 6).
