2548 4042
175 17 276 74 136
478 34 602 74 mus
639 34 838 73 ruin-
860 34 1273 73 raottoontm-
1291 34 1465 74 mer.
1491 33 1542 74 ιι.
1565 0 1641 75 ιιι
1653 0 1858 76 Annuus
1862 0 2181 87 ιιιιιιικιεὲῗ
2325 50 2466 118 ‚2³

165 119 326 188 jure,
367 119 471 174 sed
513 117 847 173 rescissioni
886 118 1200 173 obnoxium
1242 117 1409 182 faeit3
1454 132 1663 188 nempe
1703 117 1754 174 si
1794 117 1976 175 fuerit
2017 107 2272 191 injustus
2300 95 2474 192 (affi-
2454 136 2548 198 ,γῆς

172 213 233 263 et
261 208 463 277 gravis
493 207 626 276 (32):
670 210 730 262 et
773 207 832 260 in
875 206 995 261 foro
1035 212 1282 263 externo
1320 210 1547 262 absoluto
1586 219 1832 276 gravem
1875 223 2004 266 esse
2043 211 2308 279 oportet3
2352 210 2415 266 in
2524 202 2548 299 ξ

168 297 403 350 interno
443 297 660 351 suffieit
701 296 879 350 etiam
921 298 1135 350 relative
1167 297 1368 365 gravis
1408 296 1537 367 (33).
1571 297 1959 353 Nihilominus
1990 313 2442 371 nonnunquam‘
2545 308 2548 309 ’

166 389 359 456 potest
390 385 785 439 voluntarium
810 400 939 439 esse
970 386 1120 455 quod
1150 386 1282 455 quis
1307 386 1445 440 facit
1471 390 1708 440 coactus
1738 386 1813 448 vi,
1842 387 1889 441 si
1915 403 2027 442 non
2053 388 2411 458 repugnavit

166 490 269 544 pro
310 474 548 536 viribuS,
580 490 712 528 nani
745 474 931 528 voluit
965 475 1084 544 pati
1117 474 1258 546 (34);
1292 479 1370 537 et,
1401 477 1619 538 contra,
1663 477 1815 545 quod
1860 476 1999 531 facit
2028 482 2187 533 metu
2218 480 2408 547 potest

167 577 296 617 esse
328 562 806 627 involuntarium,
836 563 883 617 si
916 568 1033 618 tam
1064 564 1272 626 subito,
1303 566 1543 634 tamque
1574 565 1958 621 vehementer
1987 568 2312 637 expaverit,
2347 570 2410 624 ut

166 667 333 706 mens
376 652 563 719 ipsum
610 653 844 721 penitus
884 653 1272 723 dereliquerit
1298 653 1432 724 (35).

248 743 370 796 149.
414 739 907 812 Concupiscentia
947 747 1052 797 aut
1094 745 1286 797 movet
1338 743 1719 805 voluntatem,
1762 746 1867 798 aut
1909 745 1982 798 ab
2031 760 2102 800 ea
2144 748 2414 803 movetur

164 829 220 900 (g
265 831 386 893 124,
428 831 511 901 8):
555 847 687 886 cum
730 835 923 886 movet
967 833 1048 886 ita
1089 833 1323 887 demum
1364 832 1558 887 aufert
1600 834 2017 899 voluntarium,
2062 835 2108 888 si
2154 838 2412 893 mentem

170 919 406 989 penitus
450 921 774 989 intercipit3
819 923 1196 991 quamobrem
1237 924 1405 975 actus
1439 924 1792 991 primoprimi
1827 921 1883 993 (g
1922 921 2043 987 124,
2084 919 2140 995 8)
2179 926 2286 980 aut
2328 925 2412 980 in-

165 1010 484 1064 voluntarii
515 1016 671 1076 sunt,
699 1014 803 1065 aut
835 1026 947 1064 non
980 1011 1319 1064 voluntarii:
1351 1013 1619 1065 deliberati
1645 1015 1782 1066 sunt
1816 1013 2050 1078 penitus
2075 1013 2411 1080 voluntarii,

165 1099 275 1154 etsi
327 1101 471 1154 fiant
517 1101 570 1153 in
623 1101 814 1155 calore
866 1101 1151 1169 passionis
1199 1115 1375 1168 supra
1417 1101 1645 1155 modum
1691 1103 2026 1156 vehementi
2074 1102 2201 1174 (36).
2252 1103 2413 1159 Inter

163 1192 440 1258 utrosque
475 1193 682 1244 tenent
722 1194 893 1244 actus
933 1192 1155 1243 secundo
1185 1193 1366 1259 primi,
1413 1193 1472 1244 et
1518 1190 1646 1245 ideo
1688 1191 2154 1246 semivoluntarii
2193 1209 2414 1247 censen-

157 1285 253 1331 tur
278 1278 407 1349 (37).
450 1278 608 1341 Quod
653 1281 725 1333 ad
771 1280 1031 1334 habitum
1074 1280 1308 1340 attinet,
1346 1295 1496 1349 quae
1527 1296 1601 1334 ex
1633 1281 1834 1334 habitu
1865 1282 2144 1335 excidunt
2186 1281 2405 1336 volun-

161 1367 311 1420 taria
350 1373 506 1430 sunt,
536 1369 582 1421 si
617 1383 687 1421 ea
713 1369 1152 1430 animadvertiS,
1182 1371 1239 1420 in
1279 1385 1362 1421 se:
1403 1369 1491 1422 sin
1536 1369 1730 1423 minus
1762 1370 2096 1424 voluntaria
2137 1375 2313 1426 erunt
2352 1373 2412 1425 in

155 1472 338 1519 causa,
367 1457 414 1510 si
449 1457 649 1519 menti,
682 1461 821 1511 tunc
852 1473 985 1511 cum
1019 1473 1261 1526 pravum
1306 1458 1572 1511 habitum
1614 1461 2005 1514 contrahebas
2048 1475 2119 1515 ea
2161 1461 2219 1514 in
2262 1477 2409 1516 con-

157 1546 284 1599 fuso
324 1550 605 1600 secutura
634 1546 1024 1615 praevideris;
1060 1562 1266 1615 nempe
1297 1547 1576 1616 quamdiu
1609 1547 1868 1602 habitum
1900 1548 2018 1619 (qui
2064 1550 2166 1603 tua
2194 1549 2412 1605 volun-

162 1637 289 1690 tate
334 1635 602 1707 inolevit)
643 1637 844 1691 eluere
887 1651 1000 1690 non
1043 1636 1268 1704 satagis
1299 1635 1430 1707 (38).

240 1723 361 1779 150.
391 1725 590 1779 Omnis
615 1726 798 1793 igitur
818 1730 986 1779 aetus
1015 1730 1214 1780 noster
1243 1726 1337 1778 vel
1371 1725 1619 1780 hominis
1644 1730 1750 1789 est,
1776 1727 1869 1781 vel
1903 1729 2207 1783 liumanuS.
2236 1729 2406 1795 Quid,

160 1813 207 1868 si
251 1829 363 1867 non
406 1818 689 1883 appareat
733 1818 868 1869 uter
897 1815 1113 1868 fuerit?
1146 1816 1217 1868 Et
1258 1815 1396 1884 quia
1434 1818 1492 1868 in
1533 1817 1701 1869 dubiis
1741 1818 1797 1868 id
1834 1820 2104 1886 sequimur
2141 1820 2407 1889 quodple-

155 1920 375 1972 rumque
400 1907 533 1972 fieri
569 1907 695 1958 solet
731 1905 786 1974 (g
814 1906 903 1967 57,
932 1906 1040 1974 67),
1075 1905 1129 1958 in
1163 1905 1247 1958 eis
1277 1905 1374 1974 qui
1405 1920 1548 1959 suae
1591 1907 1805 1959 mentis
1849 1922 1960 1959 non
2003 1910 2159 1972 sunt,
2190 1923 2402 1979 nempe

154 1991 494 2055 infantibuS,
528 1994 734 2055 idiotis,
765 1994 1100 2047 amentibus
1143 1992 1307 2064 (licet
1350 1995 1404 2047 hi
1452 1995 1744 2048 interdum
1786 1994 2061 2068 sapiant),
2092 1999 2260 2052 actus
2293 1999 2401 2053 ho-

149 2081 355 2145 minis;
400 2083 460 2135 in
502 2084 718 2137 ceteris
758 2087 927 2137 actus
971 2085 1259 2138 humanus
1301 2083 1675 2152 intelligitur,
1713 2085 1988 2153 quamdiu
2030 2087 2394 2141 contrarium

208 2335 259 2379 31
298 2334 354 2380 L.
387 2336 427 2387 3,
465 2336 492 2393 5
526 2337 535 2378 l
574 2335 716 2384 Quod
750 2339 860 2381 mec.
894 2347 1011 2382 cau.
1040 2334 1221 2381 Saneh.

147 2406 211 2450 M.
244 2405 329 2459 IV,
369 2408 433 2461 13,
467 2408 507 2450 3.
548 2407 684 2451 Pont.
723 2407 783 2451 M.
819 2406 900 2461 IV,
943 2407 1006 2459 19,
1040 2408 1085 2453 7.
1126 2408 1224 2463 Qui

148 2482 337 2522 metum
353 2478 553 2537 justum
579 2480 774 2537 patitur
797 2481 910 2535 ipse
932 2480 1036 2524 sibi
1058 2481 1226 2536 infert

147 2552 340 2593 metum
371 2548 444 2607 (L.
481 2549 528 2592 21
574 2563 642 2607 pr.
674 2550 830 2603 End).

210 2618 268 2662 32
302 2618 399 2663 LL.
424 2619 464 2669 3,
489 2620 531 2668 6,
555 2622 597 2670 7,
620 2620 659 2662 8.
687 2622 808 2664 Eod.
836 2620 985 2665 Levis
1013 2634 1221 2679 prorsus

150 2689 292 2733 nulla
311 2692 572 2735 excusatio
597 2694 690 2742 est,
709 2704 798 2735 nee
823 2695 872 2736 in
897 2691 1000 2735 foro
1026 2693 1220 2735 interno

149 2761 201 2817 (g
230 2761 323 2812 138,
351 2755 424 2806 14.
451 2761 632 2806 Sanch.
670 2761 730 2805 M.
758 2761 840 2811 IV,
872 2763 934 2814 17,
962 2777 990 2806 a
1014 2775 1059 2805 n.
1084 2763 1123 2805 2.
1149 2763 1220 2809 Cf.

149 2829 292 2890 Lugo
322 2834 389 2877 De
415 2834 581 2875 [ustie.
619 2833 691 2883 22,
723 2833 819 2885 138,
842 2836 931 2877 etc.

1332 2337 1368 2389 l,
1402 2335 1442 2380 3.
1477 2335 1665 2384 Contra
1698 2336 1751 2382 L.
1781 2337 1810 2381 9
1850 2339 1919 2384 De
1951 2337 2220 2384 Publiban.
2257 2339 2306 2385 L.
2341 2338 2402 2384 49

1331 2408 1402 2453 De
1422 2408 1477 2452 R.
1497 2409 1538 2453 J.
1562 2406 1668 2453 Nisi
1692 2408 1814 2453 adeo
1834 2408 2106 2454 vehemens
2128 2409 2195 2463 sit
2212 2410 2400 2475 passio,

1328 2481 1384 2522 ut
1418 2492 1570 2523 usum
1603 2479 1815 2523 rationis
1850 2481 2053 2537 penitus
2088 2480 2403 2536 intervertat,

1317 2555 1484 2605 prout
1504 2551 1558 2592 in
1577 2552 1659 2595 his
1676 2552 1766 2607 qui
1781 2556 1996 2606 propter·
2014 2552 2401 2597 abundantiam

1325 2623 1524 2665 amoris
1556 2626 1607 2666 et
1638 2624 1763 2670 irae,
1792 2623 1847 2666 in
1884 2623 2151 2666 insaniam
2179 2633 2398 2668 conver-

1326 2695 1511 2735 tuntur
1550 2692 1624 2737 ¹1).
1662 2691 1781 2736 Tho.
1815 2693 1848 2737 Ι.
1883 2691 1926 2741 2,
1959 2693 2031 2741 77,
2066 2691 2126 2747 2).

1383 2762 1439 2805 37
1460 2761 1494 2806 S
1529 2761 1674 2820 Alph.
1692 2761 1745 2811 V,
1765 2761 1917 2814 XXV,
1933 2764 1974 2807 3,
1993 2762 2228 2809 Ceterum
2250 2766 2396 2809 actus

1324 2831 1729 2876 semivoluntarii
1756 2845 1817 2876 ex
1844 2831 1958 2877 aliis
1994 2846 2192 2892 quoque
2226 2834 2399 2879 causis

210 2902 268 2945 33
303 2903 330 2959 g
375 2903 472 2954 138,
507 2904 569 2947 14.
609 2904 670 2946 Et
695 2904 807 2962 jure
843 2917 1068 2961 proi-sus,
1101 2904 1222 2962 quia

150 2976 316 3017 metus
333 2975 634 3018 aestimatur
656 2973 945 3019 immediate
966 2988 1025 3018 ex
1046 2988 1220 3032 appre-

150 3041 389 3086 hensione
416 3044 532 3087 mali
559 3045 885 3089 imminentis.
914 3044 1131 3089 mediate
1156 3057 1217 3088 ex

149 3111 338 3170 objecto
365 3114 568 3171 (Sporer
599 3117 665 3160 De
688 3115 847 3159 Matr.
872 3128 918 3159 n.
950 3116 1037 3172 15).
1066 3115 1221 3160 Rela-

152 3185 276 3228 tive:
310 3184 398 3227 sed
437 3186 478 3227 si
525 3198 614 3228 nee
660 3185 865 3229 relative
909 3186 1081 3244 gravis
1125 3189 1217 3238 est,

150 3255 321 3296 utrum
339 3252 491 3297 faciat
509 3257 759 3310 acctcmw.
782 3270 821 3300 c.
839 3261 1221 3308 testamentum,

149 3326 483 3374 contractum,
518 3324 881 3381 professionem
908 3326 1219 3384 religiosam)

150 3394 459 3438 restitutioni
505 3393 779 3439 obnoxium
830 3403 1032 3455 propter
1080 3397 1215 3457 inju-

148 3465 294 3515 riam,
316 3464 631 3523 quaestionis
664 3469 756 3519 est,
790 3465 849 3509 de
885 3479 986 3524 qua
1019 3469 1200 3512 serina.

211 3535 268 3578 34
303 3534 358 3579 D.
395 3534 512 3579 Tho.
546 3536 579 3583 l,
614 3536 654 3588 52,
689 3537 731 3588 6,
767 3539 795 3579 ἶ)
829 3536 890 3580 ad
925 3537 967 3583 2.

208 3605 268 3650 35
301 3606 481 3651 Saneh.
518 3606 578 3650 M.
616 3606 649 3658 Ι,
686 3607 730 3658 8,
762 3609 803 3650 5.

209 3675 268 3718 36
301 3674 481 3720 Sanch.
517 3675 577 3719 M.
603 3675 638 3730 I,
665 3675 795 3728 VIII,
818 3677 857 3721 5.
884 3677 1023 3723 Pont.
1049 3678 1108 3723 M.
1134 3678 1219 3733 IV,

1322 2903 1611 2960 contingere
1648 2907 1892 2961 possunt3
1929 2903 2068 2948 velut
2092 2917 2153 2948 ex
2181 2906 2400 2949 oscitan-

1322 2972 1405 3023 tia,
1440 2972 1698 3023 ebrietate,
1733 2973 1806 3016 vel
1843 2973 1964 3017 dum
2000 2974 2116 3033 quis
2152 2974 2374 3032 evigilat.

1382 3045 1437 3087 38
1461 3043 1619 3098 Laym
1657 3045 1775 3101 Cap.
1803 3043 1886 3095 ΙΙΙ,
1906 3045 1948 3097 6,
1970 3045 2026 3089 V.
2054 3044 2225 3090 Esoob.
2252 3043 2336 3088 To.
2358 3043 2395 3098 I,

1320 3114 1439 3172 Cap.
1466 3117 1506 3166 3,
1533 3129 1576 3158 n.
1604 3116 1671 3159 36.
1698 3114 1880 3159 Verum
1907 3114 2108 3160 difficile
2134 3118 2225 3168 est,
2255 3119 2310 3159 ut
2333 3128 2391 3161 ea

1320 3198 1449 3245 quae
1483 3187 1597 3245 quis
1631 3199 1692 3230 ex
1728 3186 1906 3230 habitu
1939 3185 2075 3237 facit,
2118 3188 2208 3231 aut
2251 3185 2391 3240 dicit,

1321 3256 1615 3301 nullatenus
1640 3257 2016 3301 animadvertat
2040 3256 2107 3310 (S.
2130 3255 2278 3315 Alph.
2305 3254 2392 3310 111,

1326 3327 1446 3383 127):
1484 3327 1655 3385 potius
1684 3325 1953 3371 dicendum
1989 3331 2082 3379 est,
2116 3326 2312 3371 nullum
2337 3327 2388 3371 in

1320 3396 1602 3442 habituatis
1637 3411 1890 3442 remanere
1917 3397 2190 3455 vestigium
2214 3396 2388 3442 adver-

1320 3469 1531 3512 tentiae:
1558 3468 1753 3512 scilieet
1777 3481 1834 3511 ea
1860 3480 1986 3525 quae
2010 3479 2070 3511 ex
2096 3465 2274 3512 habitu
2303 3479 2389 3510 ex-

1320 3538 1496 3583 cidunt
1514 3538 1656 3582 facile
1676 3539 2049 3582 contemnimus
2076 3538 2140 3594 (S.
2162 3536 2314 3595 Alph.
2335 3538 2392 3590 V,

1319 3611 1346 3652 4
1381 3622 1426 3654 v.
1465 3611 1669 3663 Tertio).
