2548 4042
213 6 318 62 306

216 104 480 174 delegari
510 106 703 174 potest
723 104 1038 171 generalitor
1062 99 1204 173 (17);
1242 103 1307 157 at
1347 103 1609 172 potestas
1645 100 1988 160 absolvendi
2026 80 2336 173 montim-

221 193 479 263 leganda
520 197 610 247 est
642 190 779 263 (18).
820 192 1038 246 Verum
1081 192 1153 247 de
1196 192 1488 261 potestate
1526 192 1820 246 absolvendi
1853 190 2035 248 latius
2073 191 2242 247 infra.

290 286 420 339 317.
452 284 753 338 Hactenus
793 282 864 335 de
908 281 1112 351 poenis
1151 295 1187 335 a
1218 281 1383 350 jure:
1424 281 1473 335 si
1515 283 1714 337 autem
1755 296 1944 352 poena
1983 283 2074 338 est
2112 283 2188 338 ab
2215 281 2449 340 homine
2489 315 2495 322 ·

217 389 321 444 per
342 375 647 427 sententiam
670 372 1050 440 partu-alaram
1065 366 1154 438 (V
1175 372 1211 438 g
1231 369 1379 442 301),
1405 369 1693 433 intererit,
1715 373 1910 425 utrum
1933 370 2194 440 irrogata
2215 370 2450 429 merita
2530 408 2533 409 ν

215 463 511 532 superiore
557 475 660 530 per
701 460 928 513 modum
972 459 1288 528 praecepti,
1317 474 1392 513 an
1437 459 1626 513 officio
1645 458 1864 528 judicis
1904 475 2007 531 per
2047 460 2277 515 modum
2318 474 2448 516 sen-

218 552 467 613 tentiae;
497 553 592 602 illa
622 549 775 603 enim
812 550 1121 604 dumtaxat
1149 549 1223 602 ab
1253 563 1322 603 eo
1363 548 1462 618 qui
1505 563 1632 603 eam
1686 547 1987 618 irrogavit,
2022 549 2118 604 vel
2148 549 2448 619 superiore

214 642 360 712 ejus,
413 646 516 695 aut
571 653 926 701 successore,
969 642 1072 692 aut
1126 637 1405 706 delegato
1454 635 1597 707 (19);
1658 638 1777 691 haee
1821 653 1857 692 a
1898 637 2242 708 legislatore
2289 638 2449 695 dum-

213 735 380 785 taxat
413 727 530 801 (20)
558 729 778 783 remitti
811 730 1018 797 potest.
1050 727 1170 781 Nec
1202 727 1459 797 proderit
1489 726 1562 789 ei,
1593 727 1691 797 qui
1723 726 1850 782 sive
1880 728 1984 783 has
2012 728 2140 785 sive
2177 727 2308 784 illas
2324 729 2451 799 jam

213 820 526 881 contraxit,
568 818 720 888 quod
761 818 1009 872 subinde
1051 816 1291 871 desierit
1335 816 1602 871 subditus
1654 831 1782 872 esse
1825 818 1952 886 ejus
1991 817 2089 888 qui
2147 831 2249 873 eas
2306 817 2452 873 irro-

213 909 411 979 gavit:
437 912 500 963 ut
523 912 679 978 puta,
704 907 750 962 si
773 907 889 962 alio
914 906 1270 961 domicilium
1294 906 1597 959 transtulit
1619 905 1754 979 (21),
1786 906 1832 960 si
1863 906 2139 961 Instituto
2165 905 2449 977 Regulari
2535 926 2538 927 ⁷

216 1014 426 1054 nomen
457 998 617 1053 dedit
647 997 772 1067 (22).
805 998 873 1050 Et
901 997 949 1051 si
975 996 1107 1067 quis
1136 995 1457 1066 deliquerit
1497 995 1557 1049 in
1601 995 1898 1051 territorio
1938 995 2152 1057 alieno,
2182 998 2243 1051 et
2270 995 2320 1052 is
2345 995 2447 1069 qui

213 1090 277 1143 in
306 1104 375 1143 eo
404 1087 703 1142 territorio
722 1086 1194 1156 jurisdictionem
1227 1085 1406 1139 habet
1446 1084 1650 1153 poenis
1693 1084 1752 1139 in
1795 1084 1981 1154 ipsum
2014 1085 2151 1154 jure
2190 1083 2452 1141 animad-

216 1177 486 1240 verterit,
527 1178 601 1231 ab
643 1191 713 1231 eo
749 1178 978 1230 tantum
1008 1177 1204 1244 potest
1231 1173 1452 1228 absolvi
1489 1171 1626 1246 (23).

289 1268 417 1321 318.
448 1266 622 1319 Porro
653 1265 807 1318 inter
834 1265 1051 1319 delicta
1081 1263 1244 1317 nulla
1286 1267 1376 1317 est
1405 1263 1725 1327 connexim
1758 1263 1888 1318 ideo
1931 1265 1978 1319 is
2007 1265 2105 1335 qui
2151 1265 2320 1335 plura
2354 1262 2450 1320 de-

213 1355 357 1411 licta
405 1354 786 1425 perpetravit,
844 1354 987 1407 licet
1045 1353 1307 1421 ejusdem
1363 1351 1602 1420 speciei,
1642 1367 1678 1407 a
1719 1353 1972 1422 singulis
2019 1353 2260 1409 seorsim
2301 1353 2447 1408 solvi

213 1447 404 1516 potest
434 1442 565 1514 (24).
590 1444 660 1497 Et
684 1444 729 1498 si
758 1445 920 1512 petat
949 1441 1463 1510 dispensationem,
1494 1441 1588 1495 vel
1621 1442 2052 1497 absolutionem
2079 1444 2153 1497 ab
2181 1442 2450 1499 omnibus

213 1550 331 1589 una
363 1534 553 1596 simul,
586 1537 675 1587 sat
705 1533 818 1587 erit
849 1531 1064 1592 dicere,
1096 1546 1158 1585 se
1181 1532 1389 1599 pluries
1418 1545 1488 1584 ea
1516 1533 1915 1599 perpetrasse;
1958 1531 2147 1596 immo,
2182 1530 2241 1585 in
2268 1531 2451 1587 aetio·

212 1625 386 1679 nibus
427 1624 689 1693 ejusdem
718 1621 935 1691 speciei
979 1619 1248 1690 repetitis
1291 1619 1350 1672 in
1393 1621 1594 1674 eodem
1636 1620 1918 1689 subJectO,
1961 1620 2019 1674 in
2061 1621 2274 1691 quibus
2294 1620 2451 1691 juris

217 1713 466 1768 effectus
499 1711 955 1782 (impedimenta,
984 1709 1240 1769 vincula,
1275 1708 1520 1780 poenae)
1550 1725 1625 1764 ex
1664 1710 1936 1779 repetitis
1965 1707 2308 1766 criminibus
2334 1725 2450 1767 non

215 1802 701 1871 multiplicantur,
745 1800 885 1870 quia
923 1803 981 1851 in
1019 1800 1100 1850 llis
1127 1799 1363 1851 accidens
1386 1800 1460 1864 fit
1500 1816 1670 1851 unam
1708 1802 1978 1853 moraliter
2006 1798 2138 1871 (25),
2180 1801 2290 1856 etsi
2322 1814 2450 1870 peo-

208 1895 342 1947 cata
393 1890 879 1959 multiplicentur,
936 1888 1080 1943 satis
1137 1888 1250 1942 erit
1303 1887 1522 1951 dicere,
1577 1903 1640 1942 se
1681 1887 1827 1943 talia
1877 1889 1971 1944 vel
2020 1889 2165 1944 talia
2203 1889 2450 1944 crimina

215 1986 586 2052 perpetrasse
619 1978 748 2050 (26).

450 22 575 60 »aas
611 21 814 59 mini·
836 18 1207 59 rnotseoniu
1228 28 1255 42 ·
1273 17 1447 58 mer.
1470 16 1538 58 νι.
1570 17 1636 59 ιιι
1667 17 1845 58 rosum
1874 10 1944 63 tr
1975 0 2312 79 emmas.

2341 93 2346 99 ⁸
2376 100 2395 114 ,·
2414 91 2441 114 a!

2376 102 2459 167 ⁶?
2521 130 2548 168 τ’,

2440 171 2458 180 -.

280 2142 332 2186 17
356 2141 499 2187 Suar.
531 2142 607 2194 41,
639 2141 680 2194 2,
710 2141 751 2184 8.
774 2137 1172 2191 Thesaur?1‚20‚
1197 2137 1282 2183 ubi

214 2212 329 2259 late.
352 2212 403 2259 S.
422 2211 572 2271 Alph.
598 2212 638 2266 I,
658 2213 787 2270 App.
810 2210 871 2264 ΙΙ,
895 2212 972 2265 34;
997 2209 1202 2263 V1-594,
1234 2208 1281 2253 d.

218 2283 312 2339 IX;
346 2283 452 2331 VII.
480 2283 552 2327 93.
588 2281 645 2326 V.
678 2296 717 2328 c.
752 2281 988 2328 omnibus
1028 2279 1282 2326 Parochis.

277 2357 328 2399 18
363 2354 506 2400 Suar.
542 2354 589 2400 S.
621 2354 772 2413 Alph.
804 2352 911 2408 VII,
945 2353 1018 2399 93.
1046 2352 1280 2400 Ceterum

215 2429 445 2485 potestas
464 2424 585 2469 haec
605 2438 633 2469 a
653 2423 944 2469 Tridentino
965 2423 1166 2468 decreta
1183 2421 1281 2475 his,

216 2497 302 2556 qui
337 2495 626 2555 Episcopali
653 2495 1009 2554 jurisdictione
1042 2493 1280 2552 gaudent,

216 2566 422 2611 exsulat
455 2564 538 2610 ubi
573 2566 724 2612 Cone.
748 2565 879 2609 Trid.
915 2578 1185 2622 nunquam
1210 2577 1283 2608 re-

212 2639 417 2696 ceptum
450 2635 548 2679 fuit
581 2633 648 2691 (S.
685 2636 737 2682 C.
778 2636 829 2683 C.
871 2648 950 2694 ap.
986 2635 1146 2694 Fagn.
1177 2635 1206 2680 l.
1241 2647 1282 2680 e.

215 2721 261 2751 n.
298 2707 396 2763 25);
429 2706 551 2766 quia
588 2719 797 2751 onerum
838 2708 888 2750 et
930 2705 1158 2750 favorum
1191 2718 1283 2765 par

211 2783 288 2823 est
320 2778 448 2823 ratio
489 2778 651 2830 (Suar.
695 2778 766 2830 41,
811 2777 855 2831 2,
897 2777 967 2826 61:
1016 2790 1115 2824 non
1159 2777 1280 2821 item

213 2849 299 2894 ubi
324 2851 596 2907 receptum,
632 2849 808 2907 postea
841 2847 1169 2907 repudiatum
1205 2850 1282 2891 est

213 2918 430 2970 (Sanch.,
463 2918 606 2977 Lugo
641 2920 715 2964 De
749 2920 874 2963 Fide
906 2919 979 2971 23,
1013 2919 1110 2976 54).

277 2990 329 3033 19
352 2989 426 3033 Ex
442 2989 536 3036 CC.
555 2990 596 3040 8,
622 2989 761 3035 llDe
782 2990 835 3036 Ο.
851 2989 907 3033 L.
927 2988 983 3033 V.
1006 2987 1149 3033 Suar.
1174 2987 1281 3041 VII,

213 3060 257 3113 2,
281 3073 308 3103 a
331 3074 376 3103 n.
407 3059 470 3102 10.
498 3059 739 3104 Thesaur.
765 3060 813 3104 P.
836 3058 874 3113 1,
898 3059 1017 3118 Cap.
1041 3059 1114 3104 24.
1139 3058 1280 3105 Reiff.

219 3129 275 3179 V,
299 3130 370 3181 39,
404 3130 507 3183 242,
537 3130 643 3175 250.
674 3130 768 3175 Per
801 3132 1016 3175 sentent.
1047 3132 1277 3187 particu-

217 3202 398 3248 larem,
432 3212 549 3245 nam
584 3203 627 3246 si
670 3200 775 3245 lata
807 3200 905 3245 fuit
937 3214 1024 3259 per
1065 3203 1282 3246 sentent.

218 3270 555 3314 universalem
591 3271 796 3328 perinde
819 3275 911 3324 est,
940 3285 996 3316 ac
1019 3273 1063 3317 si
1098 3285 1132 3316 a
1156 3274 1282 3327 jure

212 3339 317 3385 lata
339 3343 475 3385 esset
494 3340 562 3394 (S.
583 3341 731 3399 Alph.
753 3341 859 3393 VII,
877 3343 947 3396 73,
966 3342 1022 3391 V,
1042 3343 1068 3400 g
1091 3343 1191 3396 301,
1215 3344 1279 3393 7).

273 3410 331 3454 20
363 3410 418 3455 L.
458 3411 523 3464 14,
549 3410 600 3456 C.
628 3412 701 3457 De
727 3412 927 3458 Poenis,
956 3412 1162 3458 Scilicet
1184 3415 1277 3468 ju-

211 3486 309 3528 dex
357 3485 691 3538 posteaquam
747 3487 1064 3529 sementiam
1116 3486 1273 3536 dixit,

205 3555 378 3608 judeae
403 3564 511 3598 esse
533 3554 688 3597 desiit
709 3552 782 3608 (L.
807 3554 866 3596 55
888 3555 966 3601 De
988 3557 1057 3600 Re
1080 3558 1280 3607 mdia).

212 3621 355 3667 Licet
388 3622 643 3667 sententia
671 3622 773 3667 lata
795 3624 845 3667 in
871 3638 985 3669 eum
1010 3626 1164 3670 fuerit
1186 3625 1281 3671 sub

212 3692 516 3748 conditione,
542 3692 624 3739 vel
652 3706 712 3737 ex
747 3693 842 3746 die,
868 3697 916 3738 et
949 3695 1029 3739 his
1052 3696 1276 3754 penden-

213 3762 351 3808 tibus
386 3763 484 3808 alio
517 3762 829 3808 domicilium
859 3765 1179 3810 transtulerit
1202 3765 1278 3822 (V.

1384 2141 1414 2191 ἓ
1446 2138 1516 2187 86,
1553 2138 1647 2192 39).
1684 2137 1761 2183 Ab
1794 2138 1905 2198 ipso
1938 2142 2107 2185 autem
2145 2138 2451 2199 legislatore,
2538 2143 2548 2206 ’-

1386 2220 1427 2251 v.
1448 2221 1486 2252 c.
1507 2206 1568 2253 ab
1590 2207 1870 2262 Ordinari0,
1895 2207 2086 2256 absolvi
2104 2212 2274 2273 potest
2296 2211 2450 2258 etiam
2539 2251 2548 2272 ,

1384 2280 1501 2336 post
1519 2278 1873 2338 interpositam
1893 2280 2280 2339 appellationem
2303 2280 2375 2339 (C.
2398 2281 2451 2328 10
2539 2273 2548 2309 '-

1388 2352 1458 2396 De
1481 2352 1731 2407 Appellat.
1757 2351 1809 2395 in
1841 2351 1905 2404 6⁰,
1939 2350 2080 2408 Sayr.
2102 2350 2163 2406 II,
2185 2352 2260 2405 20,
2285 2352 2336 2409 3;
2368 2350 2451 2399 Fi-

1385 2420 1531 2465 liuec.
1566 2421 1648 2474 XI,
1681 2421 1807 2474 206);
1848 2422 2002 2468 immo
2035 2422 2149 2482 jure
2195 2422 2450 2476 canonico,
2541 2458 2548 2481 ,-

1385 2493 1572 2543 verius,
1606 2494 1656 2536 et
1690 2505 1718 2537 a
1751 2491 1996 2552 delegato,
2030 2497 2080 2537 et
2101 2493 2222 2551 quia
2246 2492 2328 2539 lex
2350 2505 2451 2540 non
2537 2482 2548 2532 ’ἑ

1386 2562 1662 2621 distinguit
1694 2563 1860 2618 (Suar.
1882 2564 1927 2614 7,
1948 2563 1990 2616 2,
2014 2563 2106 2621 33),
2131 2565 2182 2609 et
2213 2563 2334 2624 quia
2365 2576 2452 2624 ap·

1382 2634 1589 2692 pellatio
1615 2633 1783 2679 favore
1820 2633 2123 2693 appellantis
2161 2633 2451 2682 introducta
2526 2678 2548 2689 „

1383 2707 1460 2749 est
1494 2703 1569 2758 (V.
1605 2705 1632 2762 ξ
1669 2705 1742 2760 86,
1775 2703 1867 2758 37).

1444 2776 1494 2818 21
1534 2774 1610 2819 Ex
1645 2775 1698 2822 C.
1729 2774 1780 2818 19
1805 2778 1873 2820 De
1904 2777 2019 2820 For.
2053 2780 2260 2832 compet.
2286 2774 2448 2825 (Suar.

1383 2847 1425 2899 7,
1449 2846 1491 2897 2,
1514 2845 1585 2889 26.
1611 2845 1751 2903 Sayr.
1775 2845 1835 2898 ΙΙ,
1862 2845 1932 2898 20,
1957 2848 2021 2891 4).

1443 2917 1502 2961 22
1535 2916 1677 2962 Suar.
1709 2918 1753 2970 7,
1785 2917 1828 2970 2,
1864 2916 1936 2963 29.
1961 2916 2108 2963 Multi
2143 2918 2318 2963 eontra
2347 2929 2446 2977 pu-

1384 2990 1496 3032 tant
1513 2986 1588 3042 (V.
1608 2986 1748 3046 Sayr.
1767 2986 1833 3040 II,
1849 2986 1921 3039 20,
1939 2986 1980 3031 6.
2004 2986 2212 3033 Filiuec.
2229 2986 2316 3044 XI,
2327 2987 2450 3046 305),

1444 3057 1501 3101 23
1524 3057 1667 3103 Suar.
1686 3071 1769 3103 nn.
1788 3057 1858 3110 29,
1879 3057 2021 3115 Sayr.
2039 3071 2084 3102 n.
2105 3060 2145 3101 4.
2160 3056 2217 3102 V.
2238 3057 2450 3118 &Alph.

1389 3127 1497 3180 VII,
1529 3129 1600 3173 72.
1626 3129 1755 3183 Ejus
1786 3133 1860 3174 est
1892 3130 2082 3175 solvere
2113 3132 2262 3186 cujus
2295 3132 2373 3176 est
2393 3129 2450 3174 lt·-

1381 3212 1519 3255 aare.

1453 3273 1510 3318 24
1545 3271 1599 3316 V.
1636 3270 1778 3316 Suar.
1812 3271 1888 3315 De
1916 3270 2085 3327 Leyib.
2118 3269 2198 3326 VI,
2231 3270 2304 3326 24,
2342 3270 2411 3317 10.

1443 3342 1503 3387 25
1535 3342 1756 3401 Henriq.‚
1787 3340 2010 3396 Navarr„
2038 3339 2195 3387 Salm.
2222 3341 2290 3396 10,
2311 3342 2354 3396 8,
2376 3342 2451 3388 61.

1447 3414 1506 3458 26
1525 3412 1707 3459 Sanch.
1725 3412 1788 3457 M.
1809 3411 1942 3465 VIII,
1960 3412 2030 3464 24,
2049 3414 2096 3458 7.
2111 3411 2215 3458 Pal.
2231 3411 2315 3467 VI,
2337 3413 2380 3468 7,
2398 3412 2448 3467 33

1393 3484 1509 3543 ibiq
1530 3483 1687 3536 Suar„
1705 3483 1880 3531 Conin.
1904 3485 1996 3528 etc.
2013 3481 2080 3528 Ut
2107 3485 2246 3540 puta,
2267 3482 2312 3528 si
2333 3483 2451 3543 quis

1390 3555 1583 3614 pluries
1627 3554 1854 3599 eamdem
1894 3554 2323 3613 consanguineam
2360 3566 2444 3600 co-

1388 3626 1636 3685 gnoverit:
1662 3626 1706 3670 si
1724 3624 1966 3672 Sacerdos
1984 3625 2212 3670 irretitus
2233 3637 2448 3672 censura
2508 3591 2548 3703 ἐ

1387 3697 1580 3755 pluries
1613 3695 1954 3752 celebraverit,
1984 3697 2076 3740 etc.
2108 3692 2310 3751 (Sanch.
2341 3694 2372 3741 1.
2405 3709 2444 3742 c.
2508 3699 2534 3750 3,ss

1385 3766 1434 3812 s,
1457 3765 1606 3825 Alph
1628 3764 1738 3820 vn,
1765 3763 1888 3821 353).
