2548 4042
154 36 366 93 dinarii
392 35 533 110 (27);
557 49 672 90 non
703 34 845 91 item
875 30 1180 94 foeminae,
1202 27 1421 102 quippe
1441 41 1588 100 quas
1609 25 1875 84 Ecclesia
1892 24 1995 84 vix
2015 10 2388 100 toleratae).-
2411 13 2463 99 flj.

154 127 421 181 Alterum
445 125 757 180 mulierum
779 124 1026 185 tantum,
1042 133 1198 192 quae
1216 117 1366 174 domi
1390 116 1693 180 coelibem,
1710 116 1816 172 aut
1835 116 2058 172 castam
2075 112 2389 179 vidualem,
2438 110 2496 204 j

150 230 427 285 expresso
467 212 759 268 castitatis
801 213 951 274 voto,
993 212 1053 265 et
1101 209 1211 264 sub
1261 206 1465 263 habitu
1503 204 1727 261 ordinis
1765 203 1951 261 vitam
1993 203 2217 260 ducunt
2254 201 2390 276 (29).

151 306 274 358 Hae
318 301 703 370 indulgentiis
742 299 1020 355 Ordinum
1053 298 1183 369 (non
1227 293 1640 365 exemptione),
1671 294 1731 350 et
1759 293 1863 348 fori
1906 291 2218 363 privilegio
2245 307 2391 362 gau·
2496 277 2548 380 f}

153 394 293 448 dent
331 391 466 461 (30).
499 390 765 445 Tertium
806 388 1063 458 denique
1105 401 1303 442 eorum
1346 388 1436 440 est
1478 383 1623 454 (sive
1664 397 1873 446 mares,
1912 382 2039 438 sive
2081 382 2391 445 foeminae,
2509 366 2548 450 ’.ἶ

153 482 280 536 sive
309 479 631 549 coniugati)
659 479 756 549 qui
789 478 949 533 nullo
978 477 1248 546 suscepto
1278 474 1498 536 habitu,
1531 488 1640 528 nec
1671 472 1817 528 inito
1844 477 1996 537 vot0‚
2025 470 2391 547 perfectioris
2478 502 2487 510 ·
2523 470 2542 486 '⁴

153 571 313 626 vitae
356 570 624 638 regulam
669 568 1037 638 profitentur:
1067 580 1219 636 quae
1250 563 1411 619 nullo
1453 562 1618 618 modo
1658 577 1758 618 eos
1796 562 2039 631 obligat,
2070 577 2146 618 ne
2186 559 2392 617 venia-

155 661 294 715 liter
331 660 566 730 quidem
599 657 742 731 (31):
776 657 832 712 hi
874 655 1262 725 Regularium
1304 651 1711 722 indulgentiis,
1746 666 1860 707 non
1902 650 2232 722 privilegiis
2260 663 2392 722 par·

150 749 399 819 ticipant
426 749 555 819 (32).

229 840 352 895 107.
391 837 784 907 Regularibus
822 836 1203 905 aliquatenus
1242 833 1535 889 accedunt
1575 830 2009 901 Religiosarum
2049 828 2390 900 Congrega-

148 930 375 985 tionum
400 943 506 984 seu
530 927 657 990 viri,
681 942 790 981 ceu
817 926 912 979 SS.
938 926 1306 995 Redemptor-ir,
1335 937 1441 977 seu
1466 921 1758 983 mulieres,
1784 920 1868 975 uti
1895 919 2107 974 Sorores
2133 920 2388 974 caritatis.

148 1018 293 1082 Viri,
324 1022 385 1073 et
424 1017 704 1071 mulieres
748 1014 1073 1069 huiusmodi
1117 1012 1406 1082 simplicia
1446 1013 1792 1080 nuncupant
1831 1014 1970 1065 vota
2007 1010 2138 1080 (33),
2177 1022 2388 1080 nempe

147 1106 528 1179 paupertatis,
557 1105 865 1167 castitatis,
895 1102 1294 1165 obedientiae;
1325 1117 1430 1156 seu
1474 1103 1759 1170 perpetua
1796 1099 2245 1170 (perseverantiae)
2287 1113 2390 1170 pro

147 1198 434 1267 cuiusque
473 1193 964 1263 Congregationis
1005 1192 1292 1255 institut0‚
1335 1206 1441 1245 seu
1482 1188 1835 1260 temporaria
1865 1187 1995 1259 (34).
2025 1188 2134 1243 Sed
2178 1202 2388 1259 neque,

148 1302 223 1342 ex
253 1290 385 1340 voto
426 1283 805 1355 paupertatis,
849 1298 1044 1336 rerum
1088 1280 1340 1336 dominio
1380 1279 1688 1335 retinendo
1735 1279 1829 1334 vel
1871 1278 2150 1348 deinceps
2188 1277 2388 1349 acqui·

79 1366 81 1368 ’
147 1377 343 1438 rendo,
371 1379 476 1430 aut
504 1375 574 1429 de
605 1373 675 1427 iis
716 1371 1059 1442 disponendi
1101 1371 1250 1425 fiunt
1293 1369 1583 1424 inhabiles
1609 1366 1744 1439 (35):
1776 1382 1986 1438 neque,
2016 1382 2091 1423 ex
2129 1371 2267 1424 voto
2294 1382 2393 1424 ca·

149 1465 389 1527 stitatis‚
421 1464 570 1518 fiunt
611 1461 902 1516 inhabiles
942 1459 1330 1514 matrimoniis
1360 1458 1553 1513 valide
1583 1457 1997 1512 contrahendis
2023 1455 2161 1530 (36):
2193 1472 2388 1530 neque

149 1572 225 1612 ex
265 1558 398 1611 voto
437 1552 807 1609 obedientiae
850 1550 1128 1621 potestati
1165 1548 1604 1605 ordinariorum
1646 1547 2012 1612 eximuntur;
2048 1547 2158 1602 nisi
2201 1547 2260 1603 id
2302 1546 2389 1605 eis

204 1765 263 1810 27
286 1764 337 1811 S.
354 1764 407 1812 C.
425 1761 631 1822 Ερρ.20
649 1761 848 1806 Decem.
872 1759 999 1804 1616.
1020 1758 1115 1805 His
1140 1770 1219 1804 ac·

162 1834 350 1883 cedunt
388 1835 556 1880 oblati
588 1846 677 1878 seu
712 1832 908 1877 Donati
930 1829 1008 1888 (V.
1033 1828 1222 1875 Mabill.

152 1908 204 1952 in
241 1904 419 1963 Praef.
453 1907 523 1950 ad
559 1903 698 1950 Saec.
723 1901 806 1948 VI.
830 1902 956 1947 Acca
981 1899 1068 1946 SS.
1100 1899 1220 1947 Ord.

151 1977 200 2023 S.
241 1975 424 2023 Bened.
458 1988 504 2020 n.
538 1974 627 2026 32).
663 1977 731 2019 At
771 1973 859 2033 qui
904 1985 1002 2017 non
1042 1972 1223 2016 vivunt

148 2046 479 2104 collegialiter
526 2044 666 2090 nullo
715 2056 924 2103 prorsus
958 2041 1222 2102 privilegio

147 2117 376 2178 gaudent
398 2116 490 2166 (Cf.
519 2116 637 2162 Ben.
663 2114 787 2167 XIV,
812 2114 923 2159 Not.
949 2114 1045 2165 105,
1068 2113 1159 2170 66).

208 2189 269 2233 28
298 2188 372 2232 Ex
397 2186 448 2235 C.
471 2186 518 2233 S.
545 2186 620 2231 Pii
648 2185 705 2231 V.
736 2187 885 2233 Circa
909 2185 1221 2235 Pastor-alis,

148 2273 251 2319 qua
282 2263 490 2305 cautum
514 2258 612 2303 fuit
634 2271 719 2303 eas
745 2255 952 2309 aboleri,
975 2255 1073 2300 nisi
1101 2267 1216 2314 pro-

149 2330 420 2377 fessionem
463 2329 757 2374 emisissent
790 2339 906 2371 cum
955 2328 1069 2371 voto
1103 2338 1217 2384 per·

149 2404 334 2461 petuae
352 2400 641 2450 clausurae;
669 2402 718 2443 et
741 2397 897 2445 Clem.
919 2396 1029 2449 XII,
1047 2396 1101 2444 C.
1128 2400 1218 2443 Ro-

149 2483 356 2523 manus,
374 2485 452 2515 an.
480 2470 603 2514 1732.
622 2469 725 2514 Hae
746 2468 973 2514 subsunt
998 2467 1220 2513 locorum

147 2541 452 2594 Ordinariis‚
484 2543 536 2585 at
569 2553 665 2585 non
706 2539 939 2597 parochis
974 2537 1045 2590 (S.
1078 2538 1130 2585 C.
1165 2538 1218 2585 C.

149 2613 335 2658 301un.
369 2612 493 2656 1722.
522 2611 639 2656 Ben.
663 2609 787 2661 XIV,
813 2609 927 2655 Not.
956 2611 1055 2661 105,
1077 2609 1169 2666 80).

205 2684 265 2729 29
290 2682 387 2729 Leo
409 2682 468 2728 X.
490 2683 543 2729 C.
574 2683 712 2726 Dum
736 2682 898 2726 intra.
917 2680 1071 2739 Fagn.
1093 2681 1145 2725 in
1164 2679 1216 2725 C.

148 2757 341 2801 Nullus
363 2768 392 2799 a
414 2768 460 2799 n.
496 2754 567 2798 66.
599 2754 673 2799 De
695 2754 810 2797 F'or.
842 2751 1009 2808 Comp.
1034 2751 1220 2797 Dicun-

146 2831 231 2872 tur
252 2831 301 2872 et
325 2828 610 2882 Beyuinae,
635 2826 904 2877 Bizochae,
931 2827 980 2868 et
1003 2822 1219 2882 hispana

150 2911 286 2951 voce,
319 2899 527 2944 Beatae.

206 2968 263 3012 30
297 2966 535 3013 Monacel.
571 2967 654 3012 To.
686 2966 719 3020 Ι,
753 2965 847 3012 Tit.
890 2964 966 3018 VI,
1002 2963 1110 3010 For.
1149 2965 1216 3008 14.

146 3036 283 3082 Istae
317 3052 344 3081 a
377 3038 485 3082 suis
521 3036 725 3096 quidem
752 3034 1109 3095 Superioribus
1133 3048 1211 3079 re-

109 3148 114 3153 .
146 3106 411 3166 gularibus
446 3106 676 3152 habitum
709 3107 977 3167 recipiunt,
1008 3105 1099 3152 sed
1122 3106 1211 3152 Or-

146 3177 333 3223 dinarii
366 3181 445 3222 est
478 3179 529 3222 id
568 3178 877 3236 permittere,
917 3180 1070 3236 atque
1101 3176 1212 3223 ideo

148 3248 423 3308 explorare,
444 3261 504 3291 an
527 3249 629 3293 sint
652 3247 877 3293 idoneae.
899 3248 1097 3293 Etenim
1122 3261 1210 3293 ne·

148 3332 289 3365 cesse
323 3322 413 3372 est,
440 3322 495 3363 ut
525 3323 574 3363 et
597 3318 832 3377 probatae
866 3320 1000 3364 vitae
1024 3320 1141 3372 sint,
1166 3321 1216 3364 et

1327 1759 1575 1804 Tertiarii
1591 1758 1649 1812 6).
1665 1757 1773 1803 Hae
1786 1756 1971 1804 nedum
1984 1757 2281 1813 ordinariis,
2295 1758 2387 1805 sed

1316 1833 1365 1875 et
1398 1828 1633 1888 parochis
1661 1828 1916 1875 subiectae
1940 1831 2062 1875 sunt
2087 1829 2227 1887 (Ben.
2253 1827 2384 1882 XIV,

1315 1901 1368 1948 C.
1386 1901 1667 1946 Emanavit
1687 1912 1844 1956 super
1862 1899 1912 1944 17
1932 1898 2070 1959 Sept.
2094 1899 2248 1949 1749›:
2272 1898 2384 1946 ideo

1317 1971 1398 2018 his
1431 1975 1631 2017 tantum
1665 1970 1783 2017 licet
1812 1971 1885 2016 eis
1920 1971 2210 2016 ministrare
2242 1983 2379 2018 com-

1320 2042 1609 2087 munionem
1643 2042 1694 2087 in
1729 2041 1992 2095 Paschate,
2035 2041 2292 2088 Viaticum
2336 2046 2387 2088 et

1314 2111 1883 2158 Extr.Unct.morituris
1898 2111 1971 2171 (S.
1987 2113 2039 2161 C.
2063 2112 2188 2172 Epp.
2209 2113 2260 2157 17
2273 2111 2382 2159 Iun.

1322 2183 1454 2239 16393
1478 2182 1596 2228 Ben.
1621 2181 1752 2237 XIV,
1776 2181 1887 2228 Not.
1917 2183 2016 2236 105,
2040 2183 2134 2241 68).

1373 2253 1426 2298 31
1465 2253 1621 2300 Nicol.
1659 2252 1727 2297 IV
1761 2255 1813 2302 C.
1853 2255 2025 2311 Supra
2070 2259 2295 2303 montem
2326 2254 2384 2302 V.

1315 2325 1507 2378 Ferrar,
1542 2324 1685 2370 Verb.
1729 2327 1992 2372 Tertiarii
2020 2338 2067 2370 n.
2089 2325 2166 2371 45.

1374 2395 1433 2440 32
1445 2395 1515 2444 cf.
1534 2396 1584 2444 C.
1606 2397 1875 2442 Romanus
1894 2395 2147 2453 Pontifex
2162 2395 2308 2443 Pauli
2325 2396 2385 2453 V,

1314 2469 1362 2512 et
1383 2468 1458 2512 Ad
1482 2469 1776 2514 Romanum
1792 2468 2095 2525 Pontificem
2119 2468 2239 2514 Ben.
2258 2466 2387 2522 XIV,

1374 2537 1506 2583 Sunt
1539 2540 1588 2584 et
1610 2539 1878 2586 Eremitae
1899 2538 1960 2584 de
1984 2537 2174 2598 quibus
2201 2537 2316 2585 vide
2338 2539 2383 2585 si

1312 2608 1465 2662 Iubet,
1498 2609 1614 2655 Ben.
1649 2608 1779 2662 XIV,
1815 2610 1892 2657 De
1920 2610 2172 2655 Canoniz.
2193 2608 2280 2657 δ’δ’.
2304 2607 2383 2664 111,

1313 2680 1386 2734 35,
1419 2681 1483 2726 15.

1370 2751 1431 2795 33
1462 2749 1535 2798 Cf.
1570 2750 1743 2796 Lucidi
1778 2750 1849 2796 De
1874 2750 1977 2798 VV.
2002 2750 2090 2798 SS.
2122 2751 2222 2798 LL.
2254 2751 2308 2800 Τ.
2328 2751 2382 2810 11,

1312 2834 1356 2880 p.
1376 2820 1478 2875 252,
1495 2834 1541 2865 n.
1561 2820 1664 2867 300.
1685 2822 1823 2877 Quae
1851 2821 1897 2868 S.
1924 2822 1974 2870 C.
1995 2823 2118 2883 Epp.
2143 2836 2235 2871 nec
2259 2827 2381 2870 vota

1310 2894 1574 2949 religionis
1607 2891 1849 2951 appellari
1882 2906 2036 2952 passa
2068 2897 2146 2940 est
2179 2893 2257 2952 (23
2288 2895 2379 2942 Iul.

1315 2963 1644 3080 ¹823)'san011.
1683 3033 1747 3081 M.
1780 3033 1909 3091 vm,
1947 3034 1992 3090 9,
2029 3036 2102 3090 173
2147 3035 2195 3083 s.
2228 3036 2382 3098 Alph.

1309 3103 1385 3160 ιν,
1408 3105 1479 3149 50.

1369 3175 1428 3221 35
1459 3175 1536 3220 Ex
1561 3176 1609 3222 S.
1632 3176 1671 3224 C
1706 3177 1833 3236 Epp.
1867 3177 1918 3221 18
1942 3176 2086 3224 Febr.
2117 3177 2244 3223 1853.
2270 3177 2384 3235 Quo

1307 3250 1455 3306 pacto
1499 3260 1616 3292 vero
1650 3246 1865 3292 debeant
1906 3260 1966 3294 ea
2004 3247 2382 3304 administrare,

1309 3318 1482 3377 eisque
1516 3317 1592 3362 uti
1632 3318 1730 3363 frui
1774 3318 1990 3377 possint,
2028 3331 2090 3363 ex
2131 3319 2390 3380 cujusque¹

150 3404 228 3435 an.
246 3389 429 3435 saltem
447 3389 557 3443 40³¹,
579 3388 766 3434 fuerint
794 3390 1064 3448 ingressae,
1085 3393 1136 3435 et
1153 3389 1211 3434 de
1310 3388 1540 3434 Instituti
1564 3388 1755 3448 regulIs
1777 3388 2053 3449 petendum
2079 3392 2159 3436 est
2181 3389 2378 3449 (Lucid.

148 3461 259 3506 suis
292 3458 540 3505 reditibus
571 3459 751 3514 vivere,
783 3463 833 3505 et
856 3474 969 3505 cum
1005 3473 1214 3506 consan-

147 3531 349 3589 guineis
372 3529 450 3576 vel
476 3530 708 3576 affinibus
743 3532 791 3575 in
823 3532 983 3590 primo
1007 3534 1209 3576 tantum

150 3600 310 3659 gradu
337 3602 503 3649 vivere
526 3602 727 3662 possint
752 3602 824 3658 (V.
849 3601 1041 3648 Ferrar.
1067 3601 1212 3648 Verb.

1309 3459 1339 3504 l.
1366 3473 1405 3506 c.
1430 3473 1478 3518 p.
1497 3459 1601 3513 261,
1626 3473 1675 3505 n.
1697 3460 1823 3516 319).

1370 3531 1428 3575 36
1450 3531 1525 3575 Ex
1550 3531 1598 3578 S.
1625 3532 1679 3579 C.
1702 3530 1755 3579 C.
1777 3533 1794 3577 l
1822 3533 1944 3591 Apr.
1969 3532 2092 3579 1718.
2113 3530 2292 3579 Lucidi
2309 3530 2376 3579 ib.

1309 3615 1355 3662 p.
1381 3602 1480 3656 256,
1507 3615 1554 3647 n.
1581 3601 1682 3647 307.
