2548 4042
1827 0 1867 13 ‚Q

1572 0 1574 2 ·
1600 0 1610 12 Ἰ
1643 0 1652 4 “
1678 22 1681 25 .
1720 0 1812 25 fr*
1900 0 2205 26 ·1>···.‘·.¹-'u-=³em⁸ss‹·
2247 19 2261 27 ..
2293 0 2344 19 *⁴*

490 41 614 80 ruis
650 41 800 80 rann
820 51 846 66 ·
868 38 1237 81 monacnum
1256 50 1284 65 -
1301 27 1480 81 mer.
1495 39 1569 81 tv.
1593 28 2033 84 ennomus
2052 19 2153 81 ¹²²}
2199 0 2416 123 Ἓξ,

2321 134 2344 160 ..ἱ
2373 134 2400 175 3..
2419 140 2443 157 a,

2422 171 2462 192 aa·

562 243 707 297 ΛΚΤ.
738 239 804 296 11.
838 243 1113 305 Quodnam
1152 247 1374 308 systema
1409 242 1811 311 fit-afferendum
1850 247 1966 314 sit„

208 392 334 447 263.
365 392 449 446 En
479 390 908 445 Moralistarum
936 391 1282 460 systemata:
1327 389 1524 444 omnia
1554 396 1825 460 patronos
1858 396 2031 449 nacta
2065 397 2203 450 sunt
2245 394 2372 465 plu·
2484 452 2498 462 ‚

132 481 324 541 rimos,
365 484 544 551 atque
586 479 950 534 doctissimos
989 477 1086 551 (l),
1117 482 1177 533 et
1219 477 1446 533 nullum
1489 494 1691 535 eorum
1731 481 2373 540 damnavitEcclesia:
2402 563 2416 579 Ο

136 679 276 716 ctum
308 681 410 715 non
442 670 795 725 praesumitur
823 668 928 713 nisi
954 668 1202 724 probatur

136 740 232 798 (Ex
266 740 319 787 L.
363 740 454 784 177.
488 742 556 786 De
583 740 631 785 (J.
657 739 817 794 Empt.
840 737 894 783 L.
926 737 991 782 10.
1013 737 1067 786 C.
1095 749 1200 782 non

137 823 334 857 numer.
356 823 460 867 pec.
485 810 532 855 S.
563 809 708 868 Alph.
731 808 819 854 111.
840 807 978 860 256);
1007 811 1129 867 puta
1156 808 1200 852 si

138 895 235 927 non
270 872 398 927 satis
437 885 677 941 appareat
703 904 723 915 ·
749 892 812 925 an
858 879 1059 924 voveris
1086 903 1104 913 -
1143 890 1206 922 an

139 952 380 998 damnum
433 952 574 998 alteri
625 950 851 1003 dederis3
899 953 1051 1010 atque
1095 949 1205 994 ideo

137 1028 304 1069 cessat
339 1024 440 1068 voti
477 1021 783 1082 praestandi,
817 1021 892 1067 vel
930 1019 1103 1066 damni
1132 1031 1206 1063 re-

135 1093 348 1154 parandi
382 1093 623 1154 obligatio
658 1093 724 1139 (S.
763 1092 910 1152 Alph.
950 1090 986 1144 1,
1022 1091 1102 1142 283
1126 1089 1207 1142 lll,

137 1164 242 1218 562,
275 1166 383 1214 568ς
414 1164 495 1214 Vl,
515 1165 617 1210 906.
639 1165 690 1212 Ο,
719 1164 748 1207 2
791 1166 857 1209 De
884 1164 930 1207 S.
958 1164 1015 1207 D.
1042 1162 1093 1207 in
1115 1161 1211 1213 6⁰).

137 1235 202 1280 Et
216 1237 337 1295 quia
354 1239 736 1281 contr-ariorum
757 1237 937 1280 eadem
955 1238 1031 1279 est
1050 1234 1201 1284 ratio,

138 1306 182 1351 si
205 1311 446 1365 appareat
468 1310 515 1351 te
540 1310 714 1352 votum
737 1306 936 1352 vovisse
962 1303 1039 1349 vel
1061 1303 1207 1348 dam-

140 1388 262 1420 num
298 1378 544 1436 injustum
577 1377 793 1427 dedisse.
827 1388 917 1421 nee
961 1377 1205 1437 appareat

142 1451 314 1492 utrum
369 1451 541 1493 votum
595 1447 900 1507 impleveris,
953 1444 1198 1490 damnum

141 1518 390 1564 sarcieris.
424 1518 723 1577 regulariter
766 1521 942 1563 votum
986 1514 1205 1574 implen-

143 1588 285 1643 dum,
335 1588 577 1635 damnum
632 1588 950 1635 sarciendam
1004 1589 1083 1631 est
1135 1582 1213 1642 (V.

140 1663 168 1712 ,ς
205 1659 320 1710 169).
358 1659 507 1716 Quid,
547 1661 593 1705 si
636 1673 731 1706 non
772 1659 900 1705 satis
945 1658 1210 1717 appareat,

146 1733 314 1774 utrum
350 1734 481 1775 reete
516 1729 704 1776 factum
729 1730 897 1780 fuerit,
924 1741 986 1774 an
1023 1724 1206 1772 secus?

142 1799 198 1844 V.
225 1814 263 1846 c.
298 1801 342 1846 si
377 1800 592 1852 dubites,
625 1800 950 1861 probabiliter
983 1800 1214 1857 inquam,

142 1883 206 1917 an
240 1873 437 1917 voveris
472 1884 676 1932 compos
709 1874 837 1934 tui·
864 1885 927 1917 an
953 1870 1217 1915 matrimo-

142 1942 226 1987 nio
258 1942 425 1989 obstet
459 1942 663 2003 aliquod
701 1942 945 1987 dirimens
987 1937 1203 1999 impedi-

142 2017 371 2060 mentum
387 2014 410 2059 ?
434 2014 619 2074 Utique
643 2015 699 2059 in
724 2015 877 2059 dubio
903 2010 1208 2071 regulariter

133 2072 293 2130 'omne
322 2084 527 2139 facturn
553 2086 922 2142 praesumitur·
962 2085 1097 2127 reete
1128 2078 1218 2134 fa·

142 2160 280 2201 ctum
317 2156 377 2210 (S.
415 2156 563 2217 Alph.
601 2156 638 2208 Ι,
679 2157 751 2206 26,
803 2156 911 2207 182;
948 2152 1035 2206 111,
1081 2152 1218 2206 '2002

146 2232 296 2273 aetus
311 2230 545 2285 possidet
563 2227 626 2276 (S.
647 2226 940 2286 Alphonsus
965 2227 1216 2283 passim.),

147 2302 296 2357 atque
331 2298 442 2344 ideo
487 2301 537 2343 in
573 2298 724 2357 priori
771 2310 890 2342 casu
926 2292 1032 2340 voti
1064 2308 1211 2355 prae·

148 2369 318 2414 standi
330 2369 647 2428 obligatio(S.
659 2365 1109 2428 Alph.QQ.Ref.11,
1128 2367 1218 2422 15),

146 2440 197 2483 in
231 2442 493 2498 posteriori
528 2439 733 2499 petendi
754 2440 841 2499 Jus
867 2438 936 2486 (C.
964 2437 1005 2482 2.
1037 2439 1106 2482 De
1131 2436 1216 2482 Se·

146 2513 294 2554 eund.
329 2511 500 2566 Nupt.)
537 2511 653 2555 erit.

214 2582 227 2623 1
260 2579 599 2625 Tutiorismus
625 2580 798 2634 Gallis,
819 2578 1216 2625 Probabilismus

146 2649 391 2710 Hispanis
411 2650 503 2695 TT.
522 2664 636 2696 cum
659 2650 837 2709 primis
855 2650 1051 2694 arrisit:
1073 2647 1121 2694 S.
1140 2648 1224 2693 Al·-

146 2720 376 2779 phonsus
410 2723 574 2766 utitur
608 2720 781 2779 regula
813 2724 876 2766 de
898 2721 1220 2776 possessione

150 2792 198 2853 (§
218 2792 230 2834 l
251 2794 285 2840 l,
303 2792 585 2850 107);eaque
601 2792 759 2836 fretus
773 2792 1097 2850 quaestiones
1116 2789 1215 2833 fere

148 2875 322 2908 omnes
358 2862 565 2908 dirimit.
588 2862 667 2908 Ad
689 2862 812 2908 haec
835 2864 957 2906 sunt
982 2863 1032 2905 et
1056 2873 1224 2904 recen-

149 2934 291 2979 tiora,
314 2932 370 2978 In
397 2934 573 2991 primis
597 2933 657 2979 cl.
682 2933 861 2979 Potton
883 2931 939 2979 Ο.
966 2931 1011 2976 Ρ.
1041 2931 1227 2983 <Theo-

152 3006 236 3047 ria
264 3006 668 3049 probabilitatis.
705 3002 927 3054 Parisiis,
958 3002 1089 3046 1874)
1128 3013 1218 3046 ex-

151 3074 311 3131 plodit
327 3074 572 3132 regulam:
593 3076 702 3119 Leoe
719 3075 872 3118 dubia
890 3085 994 3118 non
1014 3074 1225 3128 obliqat.

153 3142 355 3201 Nempe,
391 3148 476 3197 ait,
510 3158 607 3189 non
652 3143 770 3190 licet
811 3143 1126 3190 committere
1173 3155 1226 3187 se

154 3214 375 3271 periculo
423 3215 635 3259 faciendi
680 3227 781 3259 rem
830 3214 1039 3259 malam:
1079 3212 1222 3271 atqui

152 3285 491 3341 transgressio
527 3283 667 3341 legis,
700 3284 777 3328 vel
815 3287 1014 3328 tanturn
1055 3286 1215 3327 mate·

153 3354 309 3405 rialis,
328 3355 424 3398 etsi
449 3360 709 3413 peccatum
737 3368 834 3399 non
857 3354 928 3399 sit
946 3357 1022 3409 (ἐξ
1044 3354 1120 3406 50,
1145 3354 1226 3410 51)

157 3424 345 3470 malum
379 3424 571 3483 aliquid
607 3430 683 3469 est
719 3426 801 3483 (gg
836 3425 907 3474 35,
931 3425 1003 3478 36,
1027 3425 1103 3479 39,
1133 3424 1228 3479 40),

156 3509 254 3542 non
302 3508 449 3541 secus
500 3508 556 3540 ac
605 3498 943 3555 transgressio
990 3495 1216 3541 formalis

155 3567 236 3624 (gg
262 3568 306 3618 6,
327 3567 399 3620 6η
426 3565 544 3610 huic
569 3570 735 3610 autem
762 3567 982 3624 periculo
1012 3580 1064 3612 se
1089 3579 1223 3611 com·

155 3638 316 3682 mittit
347 3637 394 3682 is
425 3638 513 3696 qui
546 3635 707 3694 legem
730 3636 935 3681 dubiam
960 3643 1221 3695 transgre-

154 3705 296 3753 ditur
319 3706 466 3762 (5556
484 3705 549 3753 ad
571 3706 670 3765 60):
691 3705 821 3765 Ergo
838 3709 933 3754 etc.
947 3705 1216 3767 Unumque

1311 665 1498 711 distare
1524 670 1595 712 ait
1619 668 1748 714 inter
1772 670 1931 730 legem
1965 675 2168 726 certam,
2199 684 2256 718 ac
2282 670 2378 718 du·

1311 734 1458 788 biam,
1481 738 1614 798 quod
1642 738 1703 786 ab
1727 742 1822 786 illa
1845 742 2138 789 excusanda
2174 741 2379 803 gravior
2467 735 2470 738 ⁴
2515 734 2542 746 ''

1311 820 1466 853 eausa
1490 810 1779 868 requiritur,
1805 810 1865 857 ab
1887 815 1986 859 hac
2011 813 2180 858 minus
2201 811 2376 872 gravis

1312 880 1360 932 (ἓ
1400 879 1487 936 10).
1520 879 1657 935 Quae
1691 882 1859 927 omnia
1892 880 1992 928 late
2037 883 2380 943 prosequitur,

1312 948 1597 1002 ordinatim,
1638 950 1873 1005 dilucide,
1912 956 2019 999 tum
2062 954 2378 1013 argumentis

1315 1023 1422 1065 tum
1457 1020 1717 1080 exemplis
1753 1022 1849 1068 Sed
1881 1025 2064 1073 utrum.
2088 1036 2246 1084 quum
2271 1036 2382 1070 ver-

1314 1104 1487 1136 samur
1508 1091 1558 1135 in
1584 1091 1690 1136 sola
1725 1093 2075 1151 probabilitate
2093 1094 2241 1155 Juris,
2266 1084 2378 1140 {llis

1314 1162 1680 1221 peremptoriis,
1713 1164 1795 1208 his
1827 1163 1900 1209 ad·
1922 1177 2023 1210 rem
2050 1177 2275 1224 prorsus,
2297 1163 2376 1210 vi·

1316 1231 1483 1276 derint
1537 1232 1805 1292 sapientes.
1865 1237 1929 1280 At
1986 1234 2375 1281 fundamentum

1323 1306 1522 1357 (novum
1559 1305 1805 1362 prorsus).
1839 1317 1936 1365 quo
1971 1307 2135 1351 totum
2170 1304 2263 1351 hoc
2290 1317 2377 1350 ae·

1317 1371 1538 1418 dificium
1560 1377 1965 1433 superstructum
1988 1380 2078 1427 est,
2100 1378 2248 1420 nutat
2271 1387 2385 1433 pro·

1319 1443 1466 1487 fecto:
1484 1456 1596 1487 nam
1616 1456 1765 1490 secus
1784 1446 1858 1501 (ut
1873 1448 2038 1490 cetera
2053 1447 2383 1504 praeteream)

1318 1509 1409 1571 qul
1438 1514 1691 1571 potuisset
1723 1514 2001 1573 Apostolus
2023 1513 2331 1574 respondere
2355 1538 2379 1551 ·

1329 1585 1681 1642 Unusquisque
1726 1588 1777 1629 in
1824 1598 1918 1631 suo
1959 1598 2115 1633 sensu
2158 1586 2385 1632 abundet

1320 1656 1368 1711 (g
1396 1655 1492 1708 162,
1513 1656 1588 1711 21)
1605 1655 1628 1699 ¹?
2270 1715 2272 1718 y

1380 1726 1568 1774 Contra
1600 1727 1659 1773 cl.
1693 1727 1892 1780 Victor„
1928 1726 2250 1775 Constantini
2282 1727 2394 1783 (In-

1321 1800 1424 1842 stv't.
1447 1797 1635 1842 Moral.
1661 1797 1813 1850 Preti,
1842 1798 1972 1855 1881)
1997 1797 2223 1844 extrudit
2244 1809 2392 1857 regu·

1321 1867 1435 1921 lam,
1459 1870 1516 1912 in
1541 1871 1692 1914 dubio
1725 1872 1907 1914 melior
1929 1874 2003 1916 est
2027 1870 2252 1915 conditio
2271 1879 2386 1926 pos-

1321 1941 1556 1992 sidentis,
1579 1939 1629 1983 in
1653 1939 1888 1986 omnibus
1906 1952 2041 1996 quae
2053 1941 2263 1997 propr-ie
2287 1950 2388 1985 non

1315 2012 1579 2067 pertinent
1611 2013 1682 2056 ad
1704 2013 1989 2066 Justitiam.
2030 2011 2164 2068 Quin
2208 1998 2388 2055 multis

1323 2093 1413 2126 nec
1445 2080 1786 2140 despiciendis
1819 2078 2205 2127 difficultatibus
2237 2078 2386 2126 obno-

1322 2151 1461 2195 xiam
1496 2155 1643 2210 putat
1675 2151 1799 2206 (Par.
1834 2151 1871 2195 Ι.
1899 2155 1928 2204 ἓ
1954 2152 2069 2203 101).
2091 2149 2282 2210 Nempe
2305 2149 2394 2202 ait,

1324 2222 1486 2266 omnis
1520 2226 1694 2266 nostra
1726 2221 1967 2281 obligatio
2006 2223 2168 2267 oritur
2211 2219 2287 2267 vel
2329 2231 2393 2266 ex

1324 2290 1447 2350 lege,
1481 2292 1556 2335 vel
1595 2305 1654 2336 ex
1681 2290 1809 2337 facto
1834 2292 2003 2352 aliquo
2030 2296 2221 2338 nostro:
2248 2291 2388 2352 atqui

1326 2362 1468 2421 legis,
1493 2362 1716 2423 adeoque
1741 2366 1789 2407 et
1814 2363 1933 2409 facti
1955 2364 2107 2424 (quod
2131 2366 2209 2409 est
2230 2364 2394 2408 instar

1327 2432 1474 2491 legis)
1509 2433 1700 2484 incerti,
1726 2433 1867 2479 nulla
1897 2437 1977 2479 est
2008 2433 2274 2493 obligati03
2294 2444 2395 2492 quo

1327 2503 1484 2563 igitur
1538 2504 1662 2549 mihi
1718 2505 1892 2563 regula
1945 2504 2006 2550 de
2058 2504 2393 2564 possessione,

1328 2586 1479 2632 quam
1500 2574 1715 2620 vocant?
1740 2576 1790 2632 (ἓ
1807 2576 1898 2629 45).
1917 2574 2107 2634 Nempe
2132 2577 2189 2619 ut
2210 2562 2390 2634 pareas

1330 2637 1428 2703 le'gi
1447 2658 1561 2691 cum
1587 2646 1667 2690 lex
1693 2649 1742 2691 in
1762 2647 2084 2705 possessione
2107 2649 2185 2691 est
2205 2649 2252 2698 ’ἓ
2268 2643 2395 2703 260).

1332 2714 1404 2760 De
1431 2716 1756 2762 distinctione
1782 2721 1951 2762 autem
1974 2718 2104 2762 inter
2119 2715 2394 2776 justitiam,

1334 2788 1383 2829 et
1416 2786 1629 2830 virtutes
1662 2792 1855 2832 ceteras
1888 2787 2054 2832 dicam
2088 2790 2276 2846 postea.

1395 2855 1622 2915 Denique
1645 2856 1703 2901 cl.
1723 2859 1914 2902 Auctor
1938 2856 2006 2901 (Ρ.
2027 2855 2223 2903 Gasbar
2238 2855 2397 2901 Maria

1334 2939 1362 2970 a
1380 2924 1428 2971 S.
1449 2925 1654 2978 Aloisio‚
1676 2925 1885 2972 Passion
1920 2926 1975 2972 D.
1995 2925 2052 2972 N.
2070 2925 2201 2982 J.C,)
2215 2924 2396 2971 libelli:

1334 2997 1577 3042 L’ultimo
1597 2998 1703 3056 fine
1723 2999 1998 3044 dell'uomo
2021 3010 2046 3044 e
2070 2999 2124 3042 la
2149 3009 2397 3053 suprema

1333 3070 1471 3125 leyye
1502 3072 1559 3114 di
1587 3071 1759 3114 carita
1802 3071 2063 3126 applicate
2105 3070 2218 3113 alla
2253 3069 2394 3114 solu-

1332 3143 1484 3187 zione
1515 3142 1646 3186 delle
1677 3140 1880 3197 famose
1911 3141 2159 3197 quistione·
2189 3141 2399 3184 intorno

1333 3214 1387 3255 al
1422 3211 1791 3256 Probabilismo
1833 3210 1991 3267 (Ediz.
2025 3211 2091 3262 2⁸,
2123 3211 2394 3257 Boscoma-

1333 3295 1484 3341 rengo
1516 3283 1647 3340 1877)
1679 3286 1948 3342 utramque
1979 3281 2205 3341 regulam
2238 3278 2394 3340 profl-

1331 3356 1467 3397 tetur
1517 3353 1655 3409 (Pref.
1699 3367 1744 3412 p.
1779 3354 1842 3405 6).
1882 3351 1994 3405 Sed,
2038 3364 2220 3397 novam
2260 3350 2396 3397 viam

1330 3425 1609 3483 ingressus,
1633 3427 1805 3469 censet
1836 3437 2009 3469 omnes
2042 3423 2267 3481 actiones
2299 3433 2393 3467 no-

1329 3498 1462 3540 stras
1483 3495 1825 3540 aestimandas
1843 3507 1955 3540 esse
1979 3506 2040 3539 ex
2066 3494 2163 3539 fine
2186 3491 2391 3545 ultimo:

1328 3568 1380 3609 et
1412 3579 1442 3610 a
1473 3566 1681 3611 caritate
1715 3564 2022 3610 ordinandas
2056 3563 2181 3615 (Par.
2207 3561 2244 3613 Ι,
2268 3565 2299 3615 g
2328 3559 2394 3615 3).

1327 3635 1460 3683 Ordo
1485 3641 1654 3681 autem
1678 3637 1909 3681 caritatis
1932 3635 2014 3680 hic
2040 3638 2134 3687 est,
2169 3635 2227 3677 ut
2259 3642 2388 3691 quae

1327 3707 1697 3767 praestantiora
1713 3709 1837 3753 sunt
1855 3705 1995 3761 bona,
2019 3717 2079 3751 ea
2091 3702 2290 3764 potiora
2313 3713 2394 3748 ce-
