2548 4042
165 38 265 95 170
578 54 708 94 »aas
743 52 947 94 ratu-
967 0 1341 94 ιηιοιΛκὶοιιεκΑν
1361 58 1387 76 ·
1393 38 1583 93 macr
1592 31 1678 94 ‘m
1689 48 1767 92 ’nt
1785 6 2449 119 {anamim-'5252-

80 148 83 149 ’
156 140 380 208 locuples
402 140 537 208 fleri
570 138 710 192 debet
743 154 864 192 eum
902 138 1077 192 aliona
1104 137 1353 206 jactura.-
1393 135 1503 191 nisi
1551 135 1632 191 ‘de
1678 149 1749 191 eo
1785 134 1955 207 jure
1971 117 2411 211 affaturffjii·
2437 121 2507 203 {gt

154 421 284 460 cum
329 406 473 460 falsa
515 409 711 459 nostra
752 404 1110 460 existimatio
1152 419 1263 457 non
1309 406 1498 458 mutet
1536 403 1621 458 rei
1652 403 1987 468 veritatem,
2018 418 2132 459 non
2164 394 2481 523 prodesti'

155 495 490 564 ignorantia
534 495 700 564 legis,
746 493 1146 549 involuntaria
1188 493 1328 547 licet
1368 507 1617 562 prorsus,
1661 495 1721 548 et
1763 492 2151 548 invincibilis:
2194 493 2297 549 sed
2328 493 2447 554 de

153 585 279 646 hoc,
310 584 449 654 quia
486 585 741 653 pertinet
768 583 840 638 ad
874 584 950 638 le
931 599 1038 650 ges
1069 583 1530 646 inliabilitauteS,
1562 586 1622 637 et
1653 582 1978 648 irritanteS,
2022 584 2204 639 latius
2234 581 2447 639 infra

153 675 359 731 Utrum
404 678 650 730 excuset
688 690 724 730 a
765 674 970 744 poenis
1010 674 1153 728 alibi
1200 672 1515 727 dicendum
1558 672 1692 729 erit.

1102 837 1475 891 APPENDIX

807 974 885 1013 DE
927 970 1502 1012 INTERPRETA'HONFJ
1545 970 1753 1011 LEGUM

232 1114 355 1168 184.
398 1109 815 1180 Interpretatio
857 1107 1007 1176 legis
1037 1108 1127 1161 est
1154 1136 1188 1147 -
1209 1108 1501 1176 Eas-plicatio
1530 1122 1716 1159 sensus
1755 1108 1812 1159 in
1853 1108 1956 1175 leqe
1995 1107 2224 1160 contenti
2248 1103 2349 1178 (1).
2374 1134 2412 1147 -

151 1200 552 1271 Triplex'est,
609 1199 973 1260 authentica,
1025 1196 1262 1258 usualis,
1315 1198 1376 1249 et
1430 1195 1789 1250 doctrinalis.
1836 1198 2148 1251 Anthemiou
2189 1196 2410 1252 dicitur

151 1306 304 1362 quae
350 1291 537 1359 prodit
566 1291 640 1344 ab
673 1290 916 1357 ipsomet
947 1285 1307 1353 legislatore,
1338 1285 1431 1339 vel
1463 1301 1802 1340 successore
1846 1287 1997 1355 ejus:
2032 1287 2176 1340 haec
2219 1285 2415 1341 instar

150 1380 304 1448 legis
347 1384 438 1435 est
483 1378 581 1450 (2).
616 1378 834 1431 Verum
891 1376 1030 1446 quia
1081 1379 1127 1427 is
1173 1377 1266 1443 qui
1313 1377 1693 1442 interpretatur
1731 1376 1866 1428 nihil
1903 1379 2026 1429 novi
2075 1376 2286 1430 statuit
2326 1377 2416 1430 sed

150 1473 441 1525 statutum
483 1471 746 1537 significat
774 1468 863 1536 (3),
896 1480 1012 1519 non
1044 1466 1184 1532 eget
1228 1463 1641 1533 publicatione,
1673 1467 1733 1518 et
1765 1464 1924 1519 valet
1954 1469 2275 1521 retrorsum
2305 1463 2410 1536 (4):

153 1564 404 1629 excepta
444 1574 518 1613 ea
558 1573 710 1628 quae
754 1557 949 1624 legem
1005 1554 1260 1617 coercet,
1301 1551 1395 1606 vel
1441 1553 1730 1620 protrahit
1777 1554 1870 1625 (5).
1924 1556 2141 1608 Usualis
2193 1554 2415 1610 dicitur

211 1701 270 1746 34
293 1700 349 1744 V.
375 1699 427 1745 L.
459 1699 502 1751 9,
527 1700 554 1757 ἓ
587 1699 641 1742 Si
661 1699 763 1756 qui.
799 1699 868 1743 De
889 1696 997 1743 Jur.
1021 1699 1071 1741 et
1096 1694 1224 1753 fact.

152 1773 315 1830 ae‘ynor.
358 1771 487 1815 Puta
529 1770 571 1815 si
618 1770 760 1814 lieres
803 1766 1059 1812 falcidiam
1099 1765 1227 1824 (jure

154 1842 434 1897 communi)
468 1855 493 1886 e
528 1841 711 1899 legatis
736 1853 832 1883 non
869 1836 1091 1882 detraxit
1125 1838 1228 1891 (cit.

153 1918 184 1970 δ
217 1915 276 1959 Si
307 1914 463 1972 qut's);
499 1914 540 1957 si
577 1924 709 1955 unus
748 1923 808 1954 ex
843 1906 1228 1969 fidejussoribus

154 1998 254 2031 non
290 1985 360 2030 sit
402 1996 527 2029 usus
577 1980 815 2026 beneflcio
861 1977 1129 2024 divisionis
1180 1981 1229 2022 et

155 2054 375 2101 solidum
413 2053 622 2099 solverit
655 2052 728 2104 (L.
762 2051 835 2102 40,
869 2051 915 2095 ff.
953 2049 1045 2095 LL.
1080 2048 1143 2099 10,
1174 2049 1221 2092 11

153 2125 207 2175 C.
246 2127 318 2173 De
339 2125 633 2181 Fidejuss.).
667 2122 975 2178 Scilicetjtcs
1002 2121 1224 2176 viyilan·

155 2198 291 2243 tibus
308 2198 561 2252 scriptum
581 2200 682 2241 est:
703 2198 749 2238 et
768 2195 942 2237 omnia
960 2193 1229 2249 quaejure

152 2270 540 2315 contrahuntur
571 2267 839 2310 contrario
860 2266 988 2320 jare
1009 2266 1231 2319 pereunt

157 2338 229 2398 (L.
280 2340 357 2382 101
402 2343 469 2384 De
504 2339 554 2382 R.
594 2339 670 2382 1.».

218 2411 231 2453 1
260 2410 462 2454 Alasias
485 2407 567 2457 IV,
592 2406 672 2451 IX.
702 2409 809 2452 Art.
836 2407 877 2458 l,
899 2409 928 2458 ἓ
951 2405 990 2450 2.
1014 2407 1079 2451 In
1102 2407 1227 2460 leae,

151 2478 287 2525 idest
321 2480 371 2523 in
407 2479 574 2523 verbis
609 2478 795 2538 quibus
836 2476 1098 2534 legislator
1133 2489 1223 2520 vo-

150 2548 401 2595 luntatem
423 2562 569 2592 suain
590 2549 937 2607 expressit.Ex
952 2560 1051 2606 quo
1071 2550 1227 2605 patet,

153 2633 211 2666 ea
243 2631 377 2679 quae
413 2620 519 2663 heic
546 2618 730 2663 dicturi
756 2631 954 2669 sumus,
989 2617 1052 2662 ad
1088 2616 1226 2675 leges

151 2690 414 2736 naturales
450 2702 544 2734 non
581 2689 828 2746 pertinere

212 2762 242 2803 2
273 2760 373 2806 LL.
395 2761 439 2810 9,
469 2761 534 2805 11.
557 2761 679 2807 012.
708 2764 736 2802 t.
762 2759 829 2805 Ut
858 2759 952 2818 Mp.
989 2758 1037 2804 S.
1067 2759 1141 2804 Pii
1169 2758 1226 2813 V,

151 2843 250 2891 quo
284 2831 584 2881 declaratur,
608 2831 959 2889 cognationem
985 2831 1221 2891 spiritua-

151 2901 250 2947 lem
286 2917 315 2947 a
347 2902 559 2961 conjuge
594 2902 783 2960 patrini
818 2900 891 2955 (C.
918 2904 943 2944 4
973 2903 1045 2947 De
1071 2901 1226 2957 Coyn.

152 2975 301 3031 spir.)
335 2972 485 3018 hodie
521 2973 747 3022 (Trident
787 2971 967 3023 XXIV,
996 2970 1051 3016 R.
1086 2972 1150 3017 M.
1175 2971 1222 3021 2,

152 3058 251 3088 non
274 3043 522 3090 contrahi.
538 3044 708 3089 Nostri
733 3045 1116 3091 declarationes
1140 3056 1223 3101 ap·

151 3115 359 3173 pellant.

215 3185 243 3228 3
276 3186 351 3229 Ex
389 3185 439 3230 L.
476 3187 546 3238 21,
582 3187 609 3243 g
641 3187 653 3229 1
689 3187 762 3231 De
794 3189 1100 3232 Testament.
1130 3185 1227 3234 Qui

151 3257 394 3303 declarat
425 3259 555 3301 nihil
579 3260 674 3301 clat
695 3256 887 3303 *Barba
914 3259 985 3303 De
1004 3258 1223 3302 Diction.

150 3338 254 3372 usu
285 3325 540 3383 frequent.
574 3341 622 3373 n.
654 3329 755 3382 80);
789 3331 877 3374 secl
903 3333 979 3374 est
1009 3328 1151 3373 velut
1179 3329 1227 3371 is

149 3399 242 3455 qui
277 3400 478 3442 excutit
512 3410 686 3453 yrana
723 3412 747 3443 e
781 3401 935 3453 spicis
982 3397 1222 3457 'Fagnam

150 3467 203 3512 in
237 3468 286 3515 C.
320 3469 597 3520 Quoniam,
632 3482 676 3512 n.
711 3469 781 3512 43.
811 3471 883 3516 De
919 3469 1164 3520 Conscia).

212 3541 239 3581 4
275 3537 348 3582 Ex
374 3537 427 3582 L.
453 3538 480 3581 3
503 3538 556 3585 C.
583 3538 657 3582 De
682 3538 820 3583 Pace.
839 3542 1040 3595 plynor.
1074 3543 1225 3585 Tam-

153 3621 311 3666 quam
345 3611 392 3653 si
425 3611 514 3654 lex
546 3610 611 3654 ab
646 3610 796 3653 initio
828 3623 942 3654 cum
973 3613 1225 3667 interpre-

156 3682 352 3725 tatione
375 3679 465 3724 tali
477 3681 816 3736 promulyata
831 3679 1033 3725 fuissem
1048 3681 1219 3726 Novel.

163 3750 247 3793 143
285 3751 334 3795 in
370 3750 421 3796 fi.
453 3750 505 3798 C.
540 3751 685 3795 Auth.
720 3750 841 3797 Coll.
875 3750 978 3803 IX).
1007 3751 1073 3796 Ut
1107 3765 1221 3798 ecce

1346 1689 1446 1739 LL.
1477 1692 1519 1746 8,
1553 1692 1582 1736 9
1622 1692 1675 1740 C.
1720 1694 1796 1740 De
1829 1695 2002 1741 incest.
2033 1699 2197 1754 nupt„
2227 1693 2416 1756 quibus

1347 1764 1672 1810 matrimonia
1719 1766 1851 1810 inter
1894 1766 2318 1826 consanguineos;
2362 1769 2416 1812 et

1346 1833 1441 1893 Mp.
1479 1835 1610 1880 Xisti
1647 1835 1705 1881 V.
1741 1837 1825 1883 E'oe
1853 1837 2136 1895 frequenti,
2167 1850 2267 1898 quo
2300 1849 2416 1896 spa-

1346 1903 1533 1951 donum
1560 1907 1898 1960 matrimonia,
1924 1910 2033 1953 sive
2060 1906 2283 1955 ineunda
2303 1909 2412 1955 sive

1338 1979 1444 2037 jam
1474 1978 1614 2031 inita,
1648 1979 1793 2024 irrita
1827 1978 2165 2026 declarantur.

1404 2050 1432 2092 5
1458 2048 1600 2095 Suar.
1627 2048 1709 2104 VI,
1739 2051 1776 2104 1,
1799 2051 1839 2094 3.
1865 2051 1930 2095 Et
1949 2049 2086 2097 facit.
2108 2051 2163 2099 C.
2184 2050 2243 2097 36
2265 2051 2342 2099 De
2367 2052 2416 2099 S.
2499 2051 2512 2062 ‘

1346 2122 1399 2165 E.
1428 2146 1448 2155 -
1482 2123 1703 2177 Coercet,·
1730 2137 1774 2169 v.
1799 2136 1854 2176 c.,
1880 2135 2008 2182 quae
2033 2123 2219 2174 statuit
2250 2124 2412 2184 privi-

1345 2191 1534 2250 legium
1558 2196 1777 2240 canonis
1795 2208 1894 2240 non
1915 2199 2199 2253 competere
2217 2194 2412 2242 clericis

1346 2264 1431 2322 qui
1475 2276 1574 2309 non
1619 2264 1862 2310 incedunt
1910 2266 1963 2310 in
2002 2263 2182 2311 habitu
2217 2267 2270 2312 et
2306 2267 2418 2312 ton-

1345 2347 1464 2379 sura
1497 2334 1568 2391 (C.
1594 2348 1677 2379 un.
1703 2337 1778 2383 De
1807 2337 1984 2382 Cleric.
2013 2335 2219 2394 Goniuq.
2242 2335 2295 2382 in
2324 2335 2416 2395 6⁰).

1346 2405 1650 2458 Protrahit,·
1685 2420 1728 2452 v.
1765 2420 1822 2461 c.,
1855 2420 1984 2467 quae
2019 2407 2176 2453 latam
2209 2406 2262 2453 in
2293 2419 2409 2468 per·

1344 2488 1578 2522 cussores
1641 2478 1936 2524 clericorum
1997 2478 2409 2526 excommunica·
2476 2531 2478 2533 ,
2511 2510 2515 2514 -

1344 2548 1533 2593 tionem
1577 2548 1924 2607 produxerant
1977 2549 2039 2594 ad
2095 2548 2412 2605 mandantes,
2451 2589 2454 2592 ,
2498 2551 2514 2605 '.

1346 2618 1416 2668 (C.
1442 2621 1484 2664 6.
1511 2620 1586 2666 De
1610 2621 1653 2663 S.
1683 2621 1772 2675 Ε).
1794 2619 1934 2665 Adde
1969 2620 2020 2668 C.
2044 2619 2076 2664 I.
2111 2620 2189 2668 De
2207 2621 2414 2669 Iuram.

1348 2692 1578 2735 Folumn.
1602 2690 1708 2735 Hae
1738 2691 1895 2748 igitur
1928 2691 2158 2750 indigent
2190 2690 2438 2751 publica-⁷

1343 2761 1478 2805 tione
1505 2760 1662 2806 ‘Reiffi
1686 2760 1725 2814 I,
1752 2760 1815 2814 11,
1839 2763 1940 2807 374.
1976 2761 2024 2807 S.
2055 2761 2206 2822 Alph.
2241 2762 2279 2817 1,
2304 2762 2414 2820 200;
2479 2782 2525 2818 3

1343 2830 1429 2881 ΙΙΙ,
1478 2831 1606 2876 1027.
1645 2826 1702 2878 V.
1751 2834 1916 2887 Hinc).
1964 2833 2412 2880 Communissima.
2472 2828 2525 2893 'ff-“-

1343 2902 1475 2957 Quin
1502 2901 1726 2961 plerique
1762 2902 1855 2949 has
1890 2902 2024 2949 solas
2058 2902 2163 2948 veri
2191 2903 2412 2951 nominis
2500 2922 2521 2968 ἢ

1343 2974 1786 3032 interpretationes
1841 2987 1952 3019 esse
2010 2973 2192 3020 docent
2245 2972 2412 3028 (Reiff.

1343 3055 1375 3087 n
1411 3044 1511 3089 376.
1528 3045 1575 3090 S.
1593 3044 1741 3103 Alph.
1763 3044 1814 3089 ll.
1831 3046 1943 3101 cc.):
1966 3058 2056 3091 nec
2074 3045 2311 3103 sineJure
2331 3037 2411 3102 (V.

1346 3114 1395 3160 L.
1423 3115 1491 3168 ll,
1508 3118 1536 3166 g*
1559 3128 1668 3173 pen.
1694 3115 1746 3162 C.
1777 3116 1848 3161 De
1865 3116 2078 3172 Lenaei:
2105 3121 2157 3162 et
2179 3128 2265 3163 eas
2283 3129 2414 3176 quae

1345 3184 1496 3231 verba
1543 3185 1671 3246 legis
1712 3186 1990 3245 explanant
2034 3188 2418 3234 declarationes
2499 3241 2501 3243 ¹

1344 3255 1614 3316 appellant.
1651 3257 1715 3301 Et
1748 3257 1920 3316 plures
1954 3257 2135 3303 docent
2157 3257 2250 3303 has
2283 3270 2411 3318 quo-

1342 3339 1439 3385 que
1474 3340 1617 3386 egere
1645 3326 2061 3387 interpretatione
2095 3327 2139 3374 si
2165 3326 2314 3374 verba
2335 3326 2418 3375 ob·

1343 3411 1493 3443 scura
1536 3399 1659 3452 sint,
1703 3402 1753 3444 et
1795 3399 1925 3444 inter
1958 3399 2063 3445 DD.
2095 3401 2418 3445 controversa

1344 3468 1410 3525 (S.
1436 3469 1585 3528 Alph.
1619 3469 1657 3523 I,
1689 3470 1783 3518 106,
1810 3483 1853 3515 v.
1880 3470 2118 3518 Secunda
2139 3469 2229 3516 200
2252 3482 2296 3515 v.
2318 3471 2416 3516 His
2505 3472 2519 3478 “’

1335 3542 1548 3596 positis;
1583 3540 1666 3592 III,
1698 3540 1826 3595 1027,
1853 3554 1896 3587 v.
1917 3542 2084 3596 Hinc),
2115 3544 2166 3585 et
2188 3542 2267 3585 est
2289 3553 2413 3586 com-

1342 3611 1513 3655 munis
1567 3611 1834 3656 sententia.
1889 3611 2038 3656 Porro
2089 3609 2412 3657 authenticae

1343 3683 1464 3726 sunt
1487 3694 1658 3727 omnes
1684 3682 2137 3741 interpretationes,
2161 3693 2288 3741 quae
2316 3680 2410 3728 Ro-

1341 3763 1452 3797 mae
1469 3752 1720 3811 prodeunt
1738 3765 1767 3798 a
1787 3752 1836 3799 S.
1860 3752 1957 3798 Rit.
1983 3752 2162 3811 Congr.
2180 3744 2235 3798 in
2251 3750 2414 3799 forma
2511 3787 2521 3805 ,

2350 192 2377 225 ψ
2396 199 2455 222 .
2487 194 2522 230 :s

154 228 435 297 competit
477 243 551 281 ex
591 226 714 280 sola
757 229 1044 297 potestate
1086 226 1239 294 legis
1281 225 1490 287 civilis,
1533 226 1594 279 et
1634 226 1719 288 tu,
1761 224 1960 294 legem
2002 225 2317 295 ignorans,

145 317 283 386 jure
324 331 429 370 suo
470 320 748 384 tempore,
794 330 932 369 usus
974 330 1084 369 uon
1126 315 1207 369 sis
1246 311 1375 384 (34).
1406 314 1645 369 Demum
1686 313 1880 384 quoad
1921 314 2183 371 valorem
2209 300 2481 392 actus,
