2554 4004
945 555 1813 646 PROEMIUM

510 1210 591 1252 DE
623 1210 895 1265 mummi,
935 1209 1315 1262 PROGRRSSU,
1349 1209 1423 1250 ΕΤ
1456 1207 1692 1251 VICIBUS
1726 1207 1948 1249 TuEOL.
1982 1206 2252 1248 MORAms

240 1362 243 1367 ’
343 1382 397 1446 1.
426 1381 766 1459 Theologia
797 1381 1038 1441 moralis
1070 1381 1144 1441 (le
1191 1379 1312 1439 vita
1344 1387 1404 1439 et
1442 1378 1703 1439 moribus
1735 1377 1997 1456 quaerit:
2043 1376 2178 1439 ideo
2210 1377 2513 1439 obiectum

153 1485 160 1511 ²
253 1477 384 1540 eius
427 1475 780 1547 materiale,
825 1476 908 1535 uti
952 1481 1190 1546 vocant,
1223 1483 1362 1534 sunt
1405 1474 1675 1533 actiones
1708 1471 2037 1532 humanae:
2081 1490 2229 1549 quas
2259 1470 2514 1550 proinde

253 1570 510 1651 dispicit,
555 1590 677 1630 non
722 1571 783 1630 in
829 1588 1054 1648 genere
1099 1576 1368 1642 naturae,
1411 1587 1521 1627 nec
1567 1567 1628 1626 in
1673 1584 1900 1644 genere
1946 1565 2113 1637 artis,
2159 1564 2265 1627 sed
2299 1566 2365 1624 in
2403 1585 2510 1644 qe·

252 1684 404 1726 nere
429 1684 706 1724 morum:
749 1682 963 1742 nempe
996 1664 1302 1741 inquirens
1332 1661 1472 1739 quid
1502 1662 1561 1720 in
1610 1661 1696 1721 eis
1733 1660 1875 1719 liciti
1908 1659 1986 1718 sit
2016 1658 2110 1718 vel
2142 1658 2347 1718 illiciti.
2382 1657 2514 1720 Hoc

256 1757 493 1839 quidem
537 1767 598 1818 et
643 1758 787 1818 iuris
833 1757 1143 1830 naturaliS,
1190 1765 1250 1816 et
1298 1756 1440 1815 iuris
1480 1755 1674 1815 civilis
1721 1752 1976 1813 officium
2015 1759 2135 1823 est3
2183 1771 2389 1812 verum
2422 1753 2516 1814 ius

251 1852 529 1916 naturale
561 1860 799 1912 nostras
844 1854 1113 1911 actiones
1142 1857 1345 1911 versat
1389 1868 1507 1927 qua
1535 1856 1738 1909 rectae
1783 1847 2025 1918 rationi,
2059 1846 2232 1906 civile
2278 1865 2395 1924 qua
2429 1846 2512 1906 rei

250 1945 526 2027 publicae
569 1946 952 2021 conveniunt,
996 1945 1090 2004 vel
1136 1944 1562 2005 adversantur:
1610 1949 1673 2003 at
1717 1939 1964 2001 Moralis
2010 1939 2348 2017 Theologia
2402 1958 2511 2000 eas

253 2043 592 2120 praeterea,
638 2038 816 2098 immo
862 2056 993 2097 cum
1040 2038 1264 2116 primis,
1305 2036 1590 2115 expendit
1633 2036 1694 2095 in
1727 2034 1936 2095 ordine
1981 2034 2056 2093 ad
2100 2034 2314 2108 Deum,
2350 2034 2509 2095 idest

7 2119 90 2205 ,f
133 2202 160 2220 ⁴,
253 2133 414 2212 qnod
441 2133 519 2193 ad
549 2133 815 2194 ultimum
847 2133 1044 2192 finem.
1080 2132 1212 2198 Quo
1243 2133 1404 2192 circa
1433 2130 1663 2192 definiri
1698 2137 1896 2208 potest
1928 2162 2005 2175 —
2035 2130 2292 2189 scientia
2327 2128 2513 2200 liciti,

251 2233 440 2308 atque
483 2227 704 2288 illiciti
747 2229 812 2286 in
854 2227 1074 2287 ordine
1115 2226 1201 2286 ad
1249 2227 1539 2286 ultimum
1579 2225 1785 2304 finem.
1831 2223 1923 2283 De
1970 2241 2086 2300 qua
2128 2230 2390 2295 acturus,
2434 2222 2512 2283 ab

252 2318 403 2400 ipsis
432 2321 721 2382 scientiae
758 2321 944 2381 initiis
989 2321 1377 2399 repetendum
1421 2320 1627 2398 paucis
1660 2318 2016 2392 existimavi,
2050 2318 2294 2396 eiusque
2326 2317 2511 2396 origi-

7 2404 89 2458 ‘-·
130 2459 145 2465 „
259 2430 401 2477 nem
433 2421 495 2475 et
537 2433 922 2493 progressum
970 2415 1162 2475 obiter
1206 2415 1637 2474 demonstrare.

333 2506 392 2568 2.
428 2507 732 2587 Principio
764 2509 948 2584 igitur
979 2528 1207 2568 morum
1240 2508 1530 2568 scientiae
1575 2507 1831 2567 studium
1865 2526 1902 2567 a
1932 2505 2334 2567 remotissima
2363 2504 2519 2564 anti·

251 2603 483 2683 quitate
513 2603 746 2664 initium
778 2603 994 2682 coepit.
1029 2601 1129 2663 Uti
1163 2600 1505 2661 Orientales
1537 2606 1935 2679 praeteream,
1971 2598 2195 2677 primus
2227 2596 2323 2675 qui
2356 2593 2514 2675 apud

253 2694 676 2759 Occidentales
722 2717 756 2757 e
802 2695 991 2769 coelo,
1039 2703 1101 2756 ut
1146 2694 1325 2755 Tullii
1372 2694 1569 2755 verbis
1616 2700 1768 2765 utar,
1810 2693 1967 2752 hanc
1999 2690 2311 2750 scientiam
2341 2688 2516 2750 devo-

135 2841 152 2849 -
251 2793 441 2863 σαοίί,
493 2792 603 2852 fuit
656 2790 958 2852 Socrates,
1014 2789 1065 2849 E
1124 2789 1394 2849 Socratis
1446 2787 1654 2848 schola
1711 2806 1884 2865 quam
1946 2784 2108 2844 multi
2165 2780 2511 2861 Philosophi

251 2885 514 2947 morales
558 2886 908 2964 prodierint,
955 2902 1248 2963 quamque
1294 2883 1585 2959 insigneS,
1618 2882 1915 2940 nemiuem
1965 2878 2130 2938 latet.
2177 2877 2230 2938 E
2263 2875 2512 2938 Graecis

252 2978 640 3059 Philosophia
690 2978 937 3039 Moralis
990 2977 1257 3038 manavit
1306 2976 1383 3036 ad
1431 2976 1640 3034 Italos:
1700 2991 1888 3051 eaque
1947 2978 2176 3031 tantum
2233 2970 2511 3031 delectati

251 3079 394 3135 sunt
419 3072 678 3134 Romani
712 3072 1050 3151 Sapientes,
1083 3080 1144 3132 et
1188 3090 1320 3130 cum
1354 3070 1557 3148 primis
1602 3067 1810 3143 Stoici,
1841 3066 2054 3146 quibus
2087 3084 2271 3143 prope
2302 3082 2511 3124 omnes

253 3163 663 3226 Iurisconsulti
694 3164 915 3225 addicti
947 3165 1202 3225 fuerunt.
1230 3163 1351 3222 Sed
1377 3162 1484 3221 hos
1509 3161 1785 3240 persequi
1818 3178 1928 3221 nec
1961 3159 2143 3236 iuvat,
2169 3178 2281 3219 nec
2303 3164 2479 3219 vacat
2491 3175 2510 3231 ;

245 3258 489 3343 ,veniam
533 3258 611 3318 ad
654 3259 934 3319 Nostros,

254 3410 263 3419 ,
334 3350 394 3413 3.
428 3352 602 3412 Initio
649 3351 957 3430 religionis
988 3358 1231 3412 nostrae
1265 3348 1590 3410 Christiani
1636 3347 1796 3408 nullo
1842 3347 2090 3408 Moralis
2135 3344 2509 3423 Theologiae

252 3445 407 3506 libro
436 3444 776 3516 utebantur,
806 3444 912 3504 sed
945 3444 1103 3516 iusti,
1135 3451 1315 3522 atque
1344 3442 1549 3504 iniusti
1583 3441 1826 3519 regulas
1859 3440 2163 3520 petebant,
2194 3457 2325 3498 cum
2359 3454 2510 3516 opus

251 3538 468 3612 suerat,
499 3557 575 3598 ex
605 3537 909 3615 responsis
939 3537 1075 3597 RR.
1100 3537 1245 3613 1³1³„
1269 3555 1344 3597 ex
1376 3534 1774 3596 Consiliorum
1807 3533 2084 3606 decretiS,
2118 3550 2192 3591 ex
2226 3530 2340 3591 PP.
2367 3548 2506 3590 sen·

252 3632 482 3707 tentiis3
527 3630 712 3692 sicubi
743 3630 803 3690 hi
848 3630 1059 3704 obiter,
1091 3638 1152 3691 et
1196 3629 1365 3710 quasi
1398 3627 1558 3690 aliud
1602 3636 1878 3707 agentes,
1910 3627 1982 3687 de
2029 3626 2122 3685 his
2152 3625 2506 3704 attigerant,
