2554 4004
813 304 1539 378 TRACTATUS
1608 310 1664 378 I.

1003 468 1094 523 DE
1135 469 1470 525 Pnnsoms

945 902 1530 943 PRAENOTANDA

187 1079 279 1134 20.
307 1076 448 1133 Cum
483 1078 804 1148 Tlieologia
839 1082 1075 1137 Moralis
1117 1083 1275 1139 circa
1312 1084 1580 1141 actiones
1624 1086 1908 1143 humanas
1949 1087 2356 1144 diiudicandas

111 1171 401 1231 versetur,
430 1173 572 1224 ante
601 1171 794 1225 omnia
822 1171 973 1226 scire
1001 1174 1231 1241 oportet
1257 1188 1410 1244 quae
1440 1174 1559 1229 sint
1588 1190 1873 1245 personae
1903 1192 2149 1246 capaces
2176 1177 2355 1233 actio-

113 1273 251 1313 num
276 1258 620 1312 huiusmodi.
647 1260 823 1313 Porro
852 1261 1241 1329 capacitatem
1272 1277 1403 1317 cum
1434 1263 1633 1332 primis
1654 1266 1975 1336 accipimus
2007 1267 2356 1331 naturalem,

111 1350 174 1404 et
211 1352 352 1402 ante
393 1348 588 1402 omnia
627 1351 815 1402 mentis
852 1354 1156 1418 consilinum
1202 1355 1263 1406 ut
1304 1367 1445 1407 ecce
1488 1369 1619 1408 cum
1659 1355 1875 1426 aliquis
1914 1356 2130 1412 dicitur
2170 1371 2356 1427 capax

110 1438 339 1508 culpae,
381 1454 568 1507 capax
610 1439 742 1501 doli,
785 1444 847 1494 et
890 1441 1141 1496 iniuriae
1183 1442 1506 1498 faciendae.
1550 1444 1624 1498 Et
1663 1444 1736 1500 de
1779 1460 1851 1500 ea
1891 1446 2218 1515 capacitate
2271 1445 2356 1500 di-

113 1528 447 1599 spiciemuS,
465 1544 616 1598 quae
641 1530 978 1585 necessaria
999 1535 1091 1585 est
1110 1533 1182 1585 ad
1208 1533 1585 1600 peccandum,
1601 1548 1752 1603 quae
1774 1535 1848 1588 ad
1871 1534 2354 1605 delinquendum,

112 1632 265 1687 quae
320 1617 395 1672 ad
446 1623 630 1680 actuS,
676 1619 927 1674 maxime
982 1619 1139 1674 inter
1177 1621 1343 1675 vivos
1386 1622 1479 1676 vel
1535 1624 1738 1677 mortis
1793 1638 1986 1687 causa,
2031 1623 2351 1688 ineundus}

108 1708 273 1771 alias,
302 1709 376 1763 de
417 1723 487 1763 ea
515 1708 843 1777 capacitate
874 1711 1246 1765 tractandum
1275 1711 1391 1767 erit
1429 1728 1581 1782 quae
1611 1715 1701 1768 est
1743 1713 2095 1775 necessaria,
2126 1715 2192 1770 ut
2220 1709 2376 1784 qnis'

109 1798 233 1853 suis
253 1798 583 1853 actionibus
603 1800 735 1863 Deo,
761 1800 1137 1869 reipublicae,
1161 1800 1416 1870 singulis
1444 1803 1677 1857 demum
1706 1803 2039 1858 hominibus
2060 1801 2353 1872 obstringi

111 1890 295 1957 atque
337 1888 585 1956 obligari
629 1890 828 1957 possit.

182 1978 274 2031 21.
315 1978 533 2032 Verum
575 1978 648 2032 ad
690 1981 860 2032 actus
901 1994 1024 2042 seu,
1049 1980 1203 2036 inter
1243 1981 1408 2035 vivos
1450 1997 1554 2036 seu
1596 1982 1794 2036 mortis
1835 1997 2015 2036 causa
2066 1982 2353 2038 ineundos

117 2067 464 2139 plerumque
493 2082 607 2122 non
650 2068 866 2122 sufficit
909 2069 1032 2123 sola
1060 2070 1354 2139 capacitas
1395 2072 1700 2135 naturalis,
1728 2071 1829 2126 sed
1871 2071 2005 2127 aliis
2037 2073 2353 2141 praeterea

112 2157 486 2212 adminiculis
514 2173 658 2227 opus
686 2163 792 2220 est,
825 2158 951 2213 iure
981 2159 1139 2213 civili
1170 2162 1275 2214 aut
1303 2161 1584 2215 canonico
1613 2161 1937 2231 requisitis:
1969 2175 2161 2231 neque
2191 2160 2346 2216 enim

111 2246 300 2301 cuivis
328 2247 529 2301 datum
552 2254 658 2310 est,
682 2264 735 2299 v.
760 2264 827 2310 c.,
851 2251 1268 2304 testamentum
1299 2250 1513 2312 facere,
1535 2253 1871 2305 contractus
1901 2249 2067 2313 inire,
2100 2249 2353 2320 publicis
2434 2284 2438 2287 -
2513 2270 2549 2298 s

110 2335 453 2391 muneribus
484 2337 539 2391 in
571 2337 813 2391 civitate
856 2337 1123 2406 defungi;
1156 2355 1265 2394 nec
1294 2340 1536 2394 cuilibet
1568 2340 1625 2393 in
1655 2340 1919 2395 Ecclesia
1947 2339 2086 2395 licet
2114 2338 2352 2397 ordines

109 2426 426 2495 suscipere,
452 2427 728 2496 consequi
759 2427 1165 2482 ecclesiastica
1188 2430 1493 2492 beneficia,
1517 2430 1802 2484 solemnia
1825 2431 1962 2484 vota
1983 2441 2351 2499 nuncupare;

110 2516 212 2571 sed
268 2516 385 2570 illis
440 2519 670 2571 tantum
723 2517 822 2586 qui
874 2517 965 2571 liis
1014 2519 1403 2582 adminiculis,
1446 2535 1520 2574 ex
1561 2520 1774 2588 quibus
1826 2519 2131 2587 consurgit
2182 2518 2359 2573 scateo&

104 2622 466 2674 personarum,
510 2607 755 2676 praediti
798 2612 951 2661 sunt.
995 2609 1073 2662 De
1115 2623 1229 2678 quo
1257 2610 1296 2662 Ι.
1326 2607 1382 2661 C.
1414 2609 1732 2678 separatim
1771 2610 1977 2676 agunt,
2008 2621 2114 2662 uos
2157 2621 2256 2676 pro
2287 2620 2351 2661 re

114 2702 269 2750 nata.
310 2696 591 2765 Amplius
635 2713 767 2750 cum
811 2696 917 2750 Th.
960 2698 1099 2751 Mor.
1141 2697 1405 2752 actiones
1452 2696 1741 2752 humanas
1793 2696 2062 2766 dispiciat
2117 2710 2234 2766 qua
2275 2710 2382 2750 ex·

113 2785 199 2839 eis
239 2785 334 2839 vel
374 2786 560 2840 oritur
600 2786 883 2854 obligatio
923 2787 1125 2856 aliqua
1150 2788 1261 2851 ,vel
1305 2788 1605 2856 impletum
1650 2802 1900 2857 cumque
1947 2785 2135 2840 omnis
2179 2785 2356 2840 unius

113 2874 397 2942 obligatio
423 2876 648 2930 oriatur
689 2892 763 2930 ex
805 2876 931 2931 iure
960 2876 1223 2939 alteriu8‚
1258 2880 1484 2932 mature
1527 2877 1677 2931 scire
1708 2878 1936 2946 oportet
1977 2875 2116 2946 quid
2157 2874 2358 2944 sitjus

118 2964 258 3029 quid
299 2966 597 3033 obligatio
1176 3009 1181 3013 -

189 3055 277 3107 22.
320 3054 522 3123 Itaque
572 3059 658 3108 ias
708 3055 924 3110 dicitur
973 3057 1237 3125 pluribus
1278 3056 1487 3111 modis:
1531 3056 1636 3110 sed
1685 3056 1745 3110 in
1797 3054 1995 3125 primis
2046 3054 2356 3124 accipitur,

115 3142 197 3196 uti
240 3143 618 3198 Recentiores
662 3146 997 3214 loquuntur,
1027 3149 1272 3209 obiective,
1304 3152 1363 3200 et
1404 3149 1687 3200 subiet-cive.
1738 3147 1980 3199 Obieotive
2022 3146 2113 3199 ius
2154 3143 2355 3214 appel·

113 3232 271 3285 latur
307 3232 558 3300 plurium
601 3234 860 3289 eiusdem
891 3237 1108 3305 speciei
1153 3236 1352 3304 legum
1396 3237 1762 3303 complexus3
1794 3238 1858 3289 ut
1901 3237 2043 3303 puta
2082 3237 2169 3287 ius
2211 3232 2359 3287 divi-

115 3335 272 3383 num,
300 3323 385 3373 ius
416 3323 728 3375 humanum
773 3328 905 3386 ete„
937 3327 1007 3379 de
1050 3342 1164 3395 quo
1204 3327 1409 3381 serius.
1441 3325 1721 3378 Subz‘ectz've
1763 3324 1853 3378 ius
1882 3323 2099 3378 dicitur
2128 3326 2363 3394 potestas
2446 3363 2449 3366 .
2501 3315 2506 3323 '

114 3411 347 3463 alicuius
387 3414 465 3463 rei
504 3411 786 3477 faciendae,
821 3416 894 3466 cel
932 3419 991 3467 ab
1031 3418 1134 3467 alio
1172 3416 1466 3484 eoez‘qe-ndae,
1495 3416 1567 3469 de
1606 3429 1720 3483 quo
1762 3413 1873 3468 hic.
1915 3414 2034 3467 Hoc
2067 3405 2359 3474 insnum,

117 3498 226 3551 nisi
274 3501 549 3567 personis,
593 3502 893 3569 competit:
940 3505 998 3556 et
1044 3504 1134 3558 vel
1178 3504 1361 3558 statui
1397 3518 1682 3573 personae
1726 3503 2003 3557 cohaeret
2041 3503 2212 3573 (IURA
2236 3512 2360 3570 por-

116 3588 408 3658 somzrnm),
453 3592 661 3659 utputa
701 3591 832 3650 civi,
879 3592 1044 3659 patri,
1091 3593 1330 3646 marito:
1374 3593 1470 3648 vel
1511 3607 1620 3646 REI
1661 3591 1916 3646 alicuius
1971 3604 2154 3645 causa
2194 3586 2362 3651 nobis

116 3678 499 3732 constitutum
540 3682 646 3732 est.
678 3680 760 3732 Ex
799 3682 890 3730 illo
931 3684 1120 3734 status
1163 3696 1446 3749 personae
1476 3681 1762 3745 consistit,
1794 3684 1856 3736 et
1897 3679 2033 3735 huic
2070 3676 2360 3733 adhaeret

2461 3813 2509 3831 „³⁸
2512 3807 2550 3828 ,,,,
