2548 4042
235 0 385 69 324‘

471 24 598 68 uus
632 26 836 68 ruma-
807 0 1264 67 -ὶηῑιοιιῶιιπλ-
1284 0 1457 70 Μετ’.
1473 0 1566 71 ἡ
1574 8 1660 68 nn
1657 0 1872 69 ωιιιῆ
1880 0 1944 74 s*
2003 40 2022 59 ιι

234 130 350 171 non
393 128 512 168 uua
550 114 642 167 est
681 108 1116 166 dissimilitudo:
1146 109 1327 167 liceat
1344 90 1555 181 igitur,
1596 87 1672 167 ad
1700 110 1937 198 plenam
1964 80 2161 184 hujus
2177 102 2374 171 satin
2359 60 2466 181 ,iss

235 202 406 258 flcilis
434 199 718 255 materiae
745 198 1159 267 cognitionem,
1190 199 1337 255 haec
1364 200 1559 255 omnia
1591 199 1687 255 hic
1727 200 1997 272 prosequi
2025 199 2314 274 (quamvis
2344 189 2548 283 n‹)lrs'j·5'¹

234 291 429 346 omnia
473 292 584 344 buc
624 286 984 358 pertineant)
1029 292 1087 342 et
1130 288 1323 358 paullo
1366 288 1550 344 fusius
1589 304 1765 360 quam
1805 290 2043 347 caeteri.
2511 287 2538 317 ‘·

308 381 436 436 336.
469 377 754 447 Principio
796 377 851 446 5¹0
837 377 979 431 itur
1022 380 1278 447 potestas
1317 377 1656 434 absolvendi
1697 395 1735 434 a
1782 380 2042 449 peccatis
2083 381 2238 437 inest
2276 380 2467 441 ordini

235 468 646 542 presbyterali,
676 469 735 522 et
766 482 898 521 cum
920 467 1091 521 datur
1118 468 1192 520 ab
1221 466 1527 522 Ordinario
1549 467 1697 537 (sive
1720 484 1853 524 cum
1874 469 2223 533 offici0,sive
2244 470 2467 543 absque

233 574 306 616 eo
333 560 524 628 datur)
552 558 741 625 magis
770 555 988 611 subditi
1026 555 1149 610 dari
1197 557 1629 627 intelliguntur,
1677 557 1734 612 in
1775 573 1920 629 quos
1960 561 2226 615 exerceri
2260 561 2464 630 possit:

230 651 295 705 at
343 652 598 717 potestas
646 645 989 701 absolvendi
1040 661 1077 699 a
1118 646 1398 710 censuris,
1448 647 1586 717 quia
1629 648 1788 702 nullo
1828 650 1994 704 modo
2035 650 2124 704 his
2165 650 2490 721 competit,'
2543 659 2546 663 ’

232 753 414 811 penes
442 753 584 807 quos
616 736 776 791 nulla
805 739 894 790 est
914 735 1247 806 jurisdictio
1278 736 1335 791 in
1381 736 1497 790 foro
1539 741 1801 798 externo,
1845 753 2055 794 revera
2095 740 2270 795 datur
2294 741 2370 796 ab
2399 754 2469 797 eo

230 828 330 900 qui
372 828 724 881 ordinariam
765 826 960 887 habet,
1005 829 1064 879 et
1106 827 1179 879 ab
1221 841 1289 879 eo
1332 826 1544 881 transit
1586 827 1643 880 in
1686 827 2096 897 accipientem.
2141 829 2250 884 Illa
2292 829 2470 887 datur

230 920 305 974 ab
338 917 644 973 Ordinario
684 917 813 986 ejus
857 916 962 970 loci
1009 916 1063 970 in
1107 931 1219 985 quo
1262 916 1656 971 confessiones
1697 918 2090 986 excipiuntur,
2126 935 2281 991 quae
2313 934 2467 976 nunc

232 1011 406 1065 extra
445 1005 921 1069 controversiam,
966 1009 1025 1059 et
1065 1006 1298 1060 omnino
1345 1008 1601 1060 tenenda
1648 1007 1948 1063 sententia
2002 1011 2091 1063 est
2146 1007 2294 1081 (11):
2347 1009 2469 1065 haec

232 1099 407 1153 datur
445 1099 520 1152 ab
548 1096 855 1150 Ordinario
883 1095 981 1165 qui
1012 1110 1292 1149 censuras
1323 1096 1458 1150 tulit
1479 1095 1633 1168 (11²),
1666 1097 1803 1166 quia
1833 1098 1960 1167 ejus
1988 1099 2221 1153 tantum
2243 1101 2336 1154 est
2362 1098 2498 1154 sol*

231 1204 390 1249 vere,
420 1188 588 1257 cujus
629 1190 718 1241 est
762 1185 967 1254 ligare.
1010 1186 1118 1238 Illa
1160 1186 1519 1255 presbyteris
1560 1190 1808 1250 tantum,
1853 1188 1997 1242 haec
2037 1188 2226 1243 cuivis
2255 1187 2471 1244 clerico

230 1278 353 1332 dari
406 1280 613 1346 potest.
665 1276 772 1330 Illa
817 1276 891 1330 ad
943 1275 1126 1329 sorum
1173 1276 1618 1339 sacramentale,
1662 1291 1914 1347 eumque
1956 1278 2142 1332 solum
2186 1278 2467 1348 pertinet3

231 1368 479 1437 ideoque
511 1367 566 1419 in
600 1379 669 1419 eo
691 1366 1000 1419 dumtaxat
1028 1364 1291 1419 exerceri
1327 1368 1540 1433 potest:
1566 1367 1710 1420 haec
1741 1366 2000 1435 pertinet
2025 1367 2097 1421 ad
2124 1367 2309 1422 forum
2337 1382 2471 1424 cum

230 1457 432 1528 primis
460 1459 797 1517 externum;
833 1454 953 1515 sed,
987 1457 1221 1523 propter
1262 1454 1516 1508 salutem
1549 1455 1895 1519 animarum,
1926 1457 2107 1511 etiam
2136 1457 2194 1512 in
2226 1457 2344 1513 foro
2383 1457 2470 1513 in*

229 1549 399 1602 terno
429 1544 693 1599 exerceri
728 1543 1102 1613 permittitur.
1133 1544 1206 1596 Et
1245 1543 1436 1613 quoad
1469 1543 1651 1597 forum
1685 1544 1979 1599 internum
2022 1549 2270 1616 utraque
2299 1561 2469 1603 exer·

228 1636 348 1695 ceri
399 1637 591 1706 potest
641 1634 734 1688 vel
778 1638 947 1687 extra
1003 1633 1294 1703 proprium
1345 1633 1720 1696 territorium,
1777 1634 1902 1689 sive
1956 1635 2030 1689 ab
2072 1650 2141 1691 eo
2179 1634 2279 1707 qui
2321 1622 2475 1691 ordi·

229 1726 474 1787 nariam,
531 1738 683 1794 quae
725 1727 915 1786 certa;
959 1723 1084 1777 sive
1115 1724 1199 1777 ¹ab
1239 1737 1308 1776 eo
1349 1723 1447 1793 qui
1491 1723 1830 1792 delegatam
1869 1725 1943 1779 ab
1993 1724 2084 1780 his
2129 1725 2474 1782 absolvendi

229 1818 582 1887 potestatem
627 1815 820 1874 habet,
873 1827 1025 1882 quae
1077 1812 1451 1875 communior,
1506 1817 1565 1866 et
1616 1814 1812 1867 verior
1864 1814 2162 1869 sententia
2211 1819 2303 1870 est
2340 1813 2471 1887 (12).

227 1906 315 1961 Ex
343 1905 553 1975 quibus
585 1904 723 1957 licet
753 1902 1112 1970 intelligere,
1141 1901 1390 1956 alteram
1420 1902 1493 1955 ab
1520 1902 1711 1957 altera
1739 1905 2071 1972 separatam
2105 1919 2259 1960 esse:
2291 1908 2472 1976 atque

228 1995 359 2050 ideo
381 2001 631 2063 utraque
656 2007 917 2046 seorsum
946 1991 1212 2046 exerceri
1247 1995 1453 2060 potest,
1486 2007 1596 2046 nec
1627 2007 1743 2046 una
1774 1994 1991 2062 pendet
2020 1995 2094 2047 ab
2124 1994 2312 2049 altera
2333 1992 2465 2066 (13).

300 2087 427 2140 337.
459 2084 675 2137 Deinde
717 2082 940 2135 distant
979 2081 1271 2135 absolutio
1299 2097 1334 2135 a
1367 2082 1623 2149 peccatis
1674 2084 1731 2135 et
1773 2083 2067 2137 absolutio
2106 2098 2142 2137 a
2184 2084 2468 2139 censuris

227 2174 531 2229 Absolutio
591 2190 625 2227 a
690 2171 946 2241 peccatis
1010 2170 1310 2242 (letalibus
1363 2171 1622 2242 inquam)
1685 2173 1756 2225 ad
1814 2172 2108 2226 hominem
2165 2187 2298 2228 cum
2356 2173 2473 2228 Deo
2545 2168 2548 2169 ⁷

225 2263 746 2324 reconciliandum,
795 2261 1083 2316 absolutio
1135 2277 1171 2315 a
1213 2260 1479 2314 censuris
1521 2262 1595 2315 ad
1638 2262 1939 2316 vinculum
1982 2276 2204 2332 poenae
2253 2262 2467 2318 dissol-

292 2497 339 2540 ll
379 2497 450 2539 Ex
475 2495 529 2542 C.
559 2495 686 2539 Cum
708 2495 847 2538 sieut
869 2517 888 2527 -
911 2492 1077 2536 Innoc.
1110 2490 1219 2544 XII,
1242 2492 1296 2539 C.

226 2569 572 2624 Apostolicum
588 2562 1148 2611 Ministerium.Bened.
1168 2562 1293 2608 XIV.

226 2643 256 2694 S
278 2643 319 2683 7.
345 2663 364 2672 ·
386 2636 572 2684 Bullar.
599 2636 678 2690 IV,
704 2649 752 2681 n.
783 2636 849 2680 16.
875 2634 933 2679 V.
965 2635 1014 2679 S.
1038 2633 1186 2692 Alph.
1218 2633 1297 2687 VI,

226 2710 330 2754 548.

290 2781 364 2825 11²
396 2780 493 2827 cit.
530 2778 581 2826 C.
617 2777 688 2829 29,
722 2782 751 2831 ἓ
785 2778 824 2820 2.

290 2852 344 2894 12
372 2849 427 2895 V.
452 2848 613 2897 Cabri.
640 2848 677 2902 Ι,
699 2848 811 2893 Res.
837 2848 909 2892 48.
933 2847 1221 2906 Episcopos,
1246 2849 1297 2890 et

224 2921 471 2983 parochos
514 2919 772 2965 absolvere
818 2931 964 2978 posse
999 2931 1033 2962 a
1069 2919 1297 2973 peccatis

225 2994 459 3039 subditos
480 3004 615 3044 suos,
635 2990 713 3035 vel
738 2992 880 3034 extra
903 2988 1187 3042 dioecesim,
1208 2990 1296 3032 aut

226 3065 533 3125 parochiam,
559 3061 807 3120 explorati
824 3060 957 3120 juris
981 3062 1059 3104 est
1083 3059 1153 3115 (S.
1169 3059 1221 3107 C.
1242 3058 1293 3105 C.

226 3136 256 3180 3
269 3135 466 3180 Decem.
490 3134 613 3178 1707.
627 3132 810 3179 Bened.
826 3130 953 3176 XIV.
970 3130 1123 3176 Notis.
1134 3131 1205 3182 86,
1223 3131 1292 3187 7):

227 3217 345 3264 ergo
396 3209 444 3249 et
493 3219 520 3249 a
568 3205 837 3251 censuris:
892 3206 1105 3261 utraque
1161 3202 1295 3246 enim

218 3274 514 3338 Jurisdictio
534 3276 843 3319 voluntaria
862 3276 940 3319 est
966 3271 1039 3326 (V.
1059 3276 1088 3325 ἕ
1103 3274 1177 3326 75,
1193 3272 1291 3328 35):

225 3349 295 3394 At
340 3345 599 3404 simplices
646 3344 979 3390 confessarios
1013 3358 1042 3388 a
1075 3345 1294 3402 peccatis

226 3416 458 3476 (ideoque
507 3418 557 3459 et
600 3415 844 3473 parochos
879 3428 909 3459 a
946 3414 1177 3460 censuris
1214 3427 1291 3458 re-

225 3487 462 3541 servatis)
492 3483 749 3530 absolvere
782 3498 865 3529 eos
899 3498 1075 3543 possse
1108 3487 1296 3543 negant

224 3557 427 3604 Silvest.
462 3555 688 3601 Hostien.
724 3559 773 3599 et
804 3556 1011 3613 quidam
1057 3556 1169 3601 alii:
1207 3555 1292 3600 alii

223 3628 369 3688 longe
405 3628 574 3686 plures
611 3625 862 3670 affirmant
895 3625 973 3681 (V.
997 3625 1162 3673 Cabri.
1197 3625 1227 3670 1,
1253 3638 1292 3670 c,

223 3698 441 3757 &Alpa
477 3699 509 3743 l.
542 3710 605 3751 c.;
639 3698 687 3740 in
725 3695 803 3740 his
831 3696 975 3741 Suar.
1004 3698 1076 3743 De
1098 3696 1293 3742 Poenic.

1403 2493 1466 2546 19,
1501 2494 1549 2546 83
1583 2493 1790 2540 Salmat.
1826 2494 1906 2549 VI,
1940 2495 2023 2547 XI,
2048 2497 2151 2552 55):
2182 2500 2231 2542 et
2262 2497 2468 2552 rectius,

1395 2565 1515 2623 quia
1544 2568 1810 2622 deleyatus
1836 2569 1949 2623 ejus
1975 2569 2065 2624 qui
2087 2569 2474 2624 mandavimu-

1395 2637 1699 2683 risdictione
1734 2638 1895 2682 utitur
1929 2638 1976 2696 (ἓ
2004 2638 2078 2691 72,
2125 2638 2209 2695 18).

1463 2707 1512 2750 13
1539 2707 1592 2752 v,
1618 2707 1760 2753 Suar.
1783 2707 1893 2763 vn,
1914 2709 1958 2763 5,
1980 2709 2050 2754 36.
2072 2708 2202 2763 Ideo,
2227 2722 2271 2755 v.
2294 2697 2351 2766 0'.,
2374 2709 2464 2757 ab·

1396 2777 1597 2823 solutus
1622 2793 1649 2824 a
1672 2780 1900 2824 censuris
1920 2781 1970 2824 in
1991 2779 2093 2825 foro
2110 2783 2334 2832 externo,
2355 2779 2472 2837 alia,

1397 2847 1449 2891 in
1499 2849 1708 2900 interno,
1764 2849 2078 2895 absolutione
2124 2855 2173 2907 (a
2214 2851 2468 2909 censuris)

1398 2932 1496 2963 non
1517 2921 1646 2977 eget.
1674 2918 1727 2963 In
1758 2919 1862 2965 foro
1887 2923 2056 2964 autem
2082 2920 2277 2966 interno
2300 2920 2421 2967 data
2441 2934 2472 2968 a

1398 2985 1627 3034 cens'uris
1663 2989 1916 3036 absolutio
1950 2994 2062 3037 rata
2096 2996 2189 3045 est,
2222 2991 2342 3037 licet
2373 2989 2463 3038 ab·

1397 3060 1584 3106 solutio
1605 3075 1633 3105 a
1656 3063 1876 3120 peccatis
1905 3063 2046 3107 irrita
2063 3060 2242 3118 fuerit,
2269 3062 2349 3108 vel
2366 3074 2470 3108 non

1398 3130 1519 3176 data
1551 3133 1639 3182 sit;
1669 3137 1796 3191 puta
1822 3134 1865 3178 si
1900 3133 2179 3192 poenitens,
2212 3135 2328 3178 ante
2359 3145 2470 3180 eam

1398 3200 1585 3255 datam,
1619 3202 1750 3247 forte
1789 3203 2052 3262 repentino
2086 3202 2256 3249 morbo
2300 3195 2464 3250 corre-

1401 3275 1534 3331 ptus,
1570 3272 1844 3318 decesserit
1876 3273 2040 3331 (Suar.
2082 3287 2132 3330 n,
2173 3273 2247 3319 38.
2282 3271 2468 3319 Duard.

1399 3342 1505 3388 Lib.
1522 3343 1610 3395 III,
1629 3349 1658 3399 ἓ
1682 3345 1724 3389 2.
1750 3345 1899 3401 Quae.
1924 3344 1962 3397 1,
1989 3358 2036 3389 n.
2060 3344 2155 3400 43).
2178 3343 2246 3390 Et
2277 3347 2466 3398 contra,

1400 3417 1510 3459 rata
1549 3418 1627 3459 est
1653 3428 1751 3471 per
1783 3428 1837 3462 se
1878 3414 2130 3460 absolutio
2164 3429 2192 3460 a
2225 3414 2466 3474 peccatis,

1400 3484 1518 3530 licet
1552 3485 1804 3531 absolutio
1828 3500 1857 3531 a
1880 3486 2109 3531 censuris
2131 3485 2288 3530 fuerit
2311 3483 2467 3540 nulla,

1402 3560 1492 3600 aut
1526 3557 1715 3601 omissa
1749 3555 1900 3601 fuerit
1926 3557 1974 3615 <g
2005 3556 2077 3609 87,
2109 3557 2169 3611 Ι);
2195 3553 2468 3601 dummodo

1403 3626 1526 3671 haec
1576 3640 1674 3671 non
1728 3630 2053 3686 corrumpant
2105 3624 2467 3685 dispositiones

1402 3698 1728 3755 poenitentis.
