2548 4042
19 31 25 40 “
114 0 117 3 ’
150 10 248 68 1‘20
450 0 575 67 mas
600 0 1859 74 mixi-raotmousnA-mcr.11';wmmffi
1946 8 2057 56 ⁹
2208 11 2449 96 2

145 111 241 166 vel
267 110 484 166 frustra
500 109 912 179 exploraverit,
931 110 1123 167 adhuc
1140 109 1538 168 involuntaria
1558 111 1672 168 erit
1693 113 1840 171 haec
1863 104 2230 185 ignorant&
2236 96 2483 197 edisti,

143 203 252 263 tra,
276 201 322 254 si
348 215 462 254 non
480 199 623 253 satis
641 198 916 268 explorav
925 200 986 261 it,
1009 201 1102 256 est
1126 200 1475 256 voluntaria
1497 201 1657 264 Quae
1677 201 1775 258 vel
1798 202 2023 260 directe
2045 201 2403 275 voluntaria„¹

142 303 272 343 esse
299 290 507 357 potest,
527 288 620 342 vel
642 287 927 343 indirecte
947 289 1081 360 (43):
1100 289 1323 345 directe
1346 290 1392 344 si
1417 290 1607 345 uoluit
1629 291 1951 361 explorare,
1973 307 2047 349 ne
2063 295 2136 349 ab
2152 271 2538 367 agendo-<⁷2³3

143 378 579 447 prohiberetum
622 393 774 447 quae
818 377 1031 432 idcirco
1086 379 1313 448 proprio
1357 379 1588 434 nomine
1627 381 1862 448 affectata
1902 381 2017 436 dici
2059 383 2210 438 solet
2236 381 2381 455 (44)':

140 466 425 521 indirecte
467 466 515 519 si
560 468 793 536 propter
832 466 1115 522 desidiam
1148 482 1259 521 non
1289 467 1703 537 exploraverit.
1734 470 1892 524 Haec
1931 487 1996 525 ox
2035 472 2231 526 desidia
2271 475 2386 543 ipsa

143 555 333 608 metiri
366 555 567 618 debet;
598 557 657 609 et
701 555 829 610 ideo
871 555 927 610 in
971 570 1057 619 e0,
1100 556 1200 627 qui
1241 557 1515 627 aliquam.
1546 557 1650 612 sed
1692 573 1806 613 non
1847 560 2240 616 sufficientem
2280 576 2383 632 pro

140 644 227 698 rei
270 646 588 712 gravitate,
631 644 1002 712 diligentiam
1044 646 1327 708 adhibuit,
1370 648 1623 700 vincibilis
1663 647 2037 718 simpliciter;
2071 650 2130 705 in
2173 666 2242 707 eo
2282 650 2387 722 qui

140 734 438 803 exiguam,
467 738 572 789 aut
604 752 633 788 n
647 735 841 797 ullam,
868 752 1068 797 crassa,
1098 738 1227 799 lata,
1258 739 1467 805 supina,
1496 737 1607 790 dici
1653 738 1802 791 solet
1842 735 1975 810 (45).
2006 740 2385 808 Ignorantiae

139 824 467 878 invincibili
497 826 915 895 aequiparatur
944 826 1399 888 inadvertentia,
1429 826 1645 895 quippe
1679 827 1872 881 brevis
1905 827 2244 896 ignorantia
2264 830 2384 894 est;

138 914 458 985 eodemque
491 915 628 985 jure
673 915 914 968 metitur
945 912 1082 987 (46):
1128 915 1281 984 quod
1325 915 1504 969 velim
1546 930 1620 970 ne
1665 916 1918 970 excidat.

1066 1110 1143 1161 De
1182 1110 1462 1163 voluntate.

216 1275 336 1328 133.
379 1273 667 1327 Voluntas
708 1273 1055 1326 vocabulum
1095 1272 1484 1342 aequivocum
1528 1274 1634 1335 est,
1681 1289 1814 1327 nam
1856 1275 1916 1328 et
1958 1273 2281 1343 potentiam
2325 1276 2387 1331 et

137 1365 336 1417 actum
390 1362 705 1431 significat.
761 1361 888 1423 Qua
948 1362 1225 1431 potentia,
1275 1362 1556 1416 definitur
1608 1366 1867 1432 appetitus
1916 1365 2220 1417 rationalis.-
2265 1378 2384 1435 qua

138 1457 324 1516 actuS‚
366 1454 455 1506 est
496 1458 664 1504 motus
692 1453 1010 1504 deliberatus
1040 1454 1096 1503 in
1120 1454 1288 1518 finem
1319 1450 1417 1520 (l).
1460 1451 1766 1506 obiectum
1809 1453 2130 1508 voluntatis
2171 1456 2262 1508 est
2299 1456 2383 1508 bo-

138 1559 303 1610 num‚·
329 1541 613 1612 quidquid
642 1540 798 1595 enim
827 1540 1042 1609 aliquis
1070 1540 1213 1602 vult,
1246 1540 1402 1603 facit,
1435 1540 1576 1595 illud
1610 1541 1754 1603 vult,
1786 1541 1926 1595 facit
1958 1541 2129 1612 quasi
2171 1542 2386 1597 bonum

137 1632 391 1702 aliquod,
422 1631 515 1685 vel
549 1632 783 1699 propter
812 1631 1024 1683 bonum
1052 1629 1311 1698 aliquod;
1345 1630 1479 1684 inde
1509 1630 1677 1684 illud:
1707 1633 1892 1684 bonum
1932 1637 1981 1684 et
2006 1633 2142 1699 finis
2176 1646 2388 1685 conver-

198 1863 257 1908 43
281 1862 337 1907 D.
362 1862 482 1907 Tho.
510 1861 549 1914 I,
578 1861 621 1916 2,
643 1862 716 1914 76,
743 1861 786 1905 3.

197 1937 255 1979 44
278 1936 328 1980 l..
347 1936 374 1977 4
392 1935 443 1980 C.
465 1934 536 1979 De
556 1935 661 1978 Ine.
677 1934 836 1988 Nupt.
857 1931 916 1977 L.
937 1931 1040 1989 235
1067 1932 1209 1981 Quod

142 2006 234 2051 αι’ἰ.
266 2007 347 2049 Ad
370 2005 425 2049 L.
445 2005 543 2048 Juz.
571 2004 646 2050 De
668 2005 835 2047 Adule.
865 2002 908 2047 D
950 2002 1069 2049 Tho.
1103 2004 1137 2054 l,
1168 2002 1209 2053 2,

138 2078 182 2128 6,
215 2077 259 2122 8.
285 2077 543 2131 Affectare
574 2074 655 2132 (ab
689 2074 973 2132 affectione)
1014 2073 1211 2118 deside-

137 2161 247 2193 rare
281 2150 374 2192 est.

200 2218 260 2261 45
291 2216 433 2275 Sayr.
474 2215 587 2266 Lib..
617 2216 654 2268 1,
688 2216 809 2275 Cap.
858 2215 926 2270 18,
958 2229 1003 2261 n.
1040 2217 1083 2262 4.
1115 2216 1209 2262 Ubi

135 2288 262 2334 belle
286 2294 335 2333 et
362 2302 488 2333 vere.
514 2288 713 2333 Benaci.
737 2287 818 2332 To.
840 2287 875 2333 Ι.
901 2289 976 2334 De
999 2288 1209 2334 Cen-sur.

139 2365 196 2405 in
225 2374 335 2417 qen.
370 2358 514 2418 Disp.
544 2359 578 2409 Ι,
613 2360 764 2415 Quae.
800 2358 862 2414 11,
908 2359 958 2406 Ρ.
998 2360 1032 2409 l,
1075 2372 1122 2403 n.
1160 2361 1211 2414 ⁴3

138 2431 306 2490 ibique
341 2431 511 2480 Some,
556 2430 856 2487 Henriquez,
890 2434 983 2474 etc.
1030 2430 1210 2476 Sanch.

137 2501 254 2547 Dec.
293 2502 331 2555 1,
363 2503 424 2554 16,
460 2503 525 2545 17.
552 2501 687 2545 Alas.
716 2501 791 2546 De
811 2503 961 2546 Actib.
991 2502 1138 2546 Ham.
1174 2501 1207 2554 1,

134 2572 222 2625 111.
242 2574 280 2615 8.
302 2573 487 2619 Contra
505 2572 661 2623 Suar.,
683 2573 754 2618 De
779 2571 919 2618 Cem.
942 2571 1025 2627 IV,
1050 2572 1114 2621 10,
1143 2571 1209 2624 10,

134 2657 243 2689 eam
286 2657 356 2691 eoe
390 2645 579 2699 objecto
620 2642 989 2687 aestimandam
1038 2645 1208 2700 putat;

134 2714 347 2773 ideoque
374 2713 662 2758 vincibilem
685 2714 808 2757 dicit
825 2726 953 2771 quae
975 2718 1210 2757 versatur

135 2785 186 2829 in
222 2799 273 2830 re
306 2784 421 2836 levi.
465 2784 634 2833 latam,
676 2796 915 2836 crassam,
969 2784 1207 2841 supinam

133 2869 262 2915 quae
287 2857 337 2900 in
363 2870 411 2900 re
430 2856 572 2914 gravi
595 2859 837 2899 versatur.
858 2855 1210 2909 Quamobrem,

134 2929 187 2971 in
208 2927 375 2972 Sancii
391 2927 658 2977 sententia,
679 2927 892 2984 utraque
913 2930 1079 2984 potest
1099 2938 1210 2969 esse

134 3011 224 3041 seu
251 2998 392 3051 levis,
409 3012 498 3041 seu
521 2998 715 3055 gravis3
741 2997 791 3040 iu
812 2997 1065 3041 sententia
1086 2995 1206 3040 Sua

136 3069 267 3120 resii,
291 3067 546 3113 vincibilis
568 3067 674 3111 leve
694 3067 1052 3126 semper31ata‚
1076 3081 1210 3112 cras-

133 3151 205 3192 sa,
246 3139 443 3196 supina,
469 3151 665 3196 semper
701 3138 908 3182 mortale
946 3142 1206 3196 peccatum

133 3213 224 3253 est.
261 3208 394 3252 Haec
428 3210 740 3253 communior
783 3208 976 3267 (Layin.
1021 3208 1101 3262 IV,
1137 3209 1206 3264 5›;

130 3279 221 3324 sed
260 3281 393 3338 prior
427 3283 476 3322 et
510 3279 774 3324 verborum
802 3279 1128 3338 metaphoris,
1158 3284 1208 3324 et

132 3350 333 3410 utrique
369 3350 472 3408 juri
507 3355 584 3393 est
619 3349 763 3407 longe
812 3350 1203 3396 convenientior.

130 3422 329 3466 Etenim
370 3421 481 3479 Jure
527 3419 663 3463 civili
705 3434 875 3465 crassa
920 3421 1207 3479 ignorantia

129 3507 189 3537 ea
210 3492 397 3538 dicitur
430 3505 558 3551 quae
588 3492 638 3535 in
674 3493 914 3549 supinum
948 3495 1206 3537 hominem

134 3563 272 3608 cadit
290 3563 368 3620 (L.
397 3563 449 3606 15
473 3563 548 3608 De
576 3565 625 3605 C.
650 3563 742 3617 E),
766 3563 908 3619 eique
934 3563 1206 3619 opponitur

74 3667 78 3671 .
135 3634 399 3692 inquisitio
433 3635 743 3687 scrupulosa
771 3632 842 3685 (L.
878 3634 906 3676 6
933 3635 1005 3678 De
1023 3634 1136 3677 Jur.
1161 3637 1208 3678 ec

128 3702 255 3757 fact.
284 3706 421 3757 istml·
455 3705 564 3747 iure
593 3707 762 3746 autem
794 3704 1033 3748 canonico
1067 3703 1206 3760 igno-

1312 1860 1480 1904 rantia
1512 1858 1765 1906 vincibilis
1797 1861 1915 1918 (non
1961 1873 2135 1907 crassa
2167 1863 2256 1906 aut
2286 1873 2377 1907 su-

1315 1930 1452 1988 pina)
1488 1935 1700 1975 excusat
1734 1930 1795 1976 ab
1830 1931 2291 1990 irregularitatibus
2319 1945 2381 1977 ex

1314 1999 1499 2046 delicto
1533 2000 1608 2058 (C.
1643 2002 1655 2044 l
1689 2004 1760 2047 De
1799 2003 1962 2048 Ordin
2006 2004 2070 2048 ab
2093 2003 2262 2059 Episc.
2291 2003 2383 2060 qui

1315 2077 1565 2126 renunc),
1587 2076 1637 2117 et
1663 2088 1691 2119 a
1709 2075 1939 2119 censuris
1965 2074 2039 2123 (C.
2064 2074 2093 2118 2
2116 2075 2190 2120 De
2217 2075 2384 2120 Con-vt.

1315 2143 1369 2188 in
1393 2145 1476 2199 6⁰),
1511 2156 1639 2203 quae
1660 2145 1922 2189 materiam
1957 2157 2156 2204 semper
2176 2157 2385 2204 gravem

1318 2213 1623 2259 desiderant.
1650 2214 1823 2259 Nostri
1858 2215 2012 2273 vulgo
2047 2214 2385 2274 ignorantiam

1315 2300 1376 2331 ex
1416 2286 1470 2330 D.
1508 2287 1700 2331 Thoma
1741 2288 1775 2338 l,
1800 2286 1841 2339 2,
1869 2286 1911 2338 6,
1940 2287 1968 2329 8
2002 2286 2302 2349 dispescunt
2331 2284 2387 2331 in

1319 2360 1644 2412 (consensum
1678 2356 1974 2403 voluntatis)
1999 2359 2385 2405 antecedentem

1314 2427 1681 2486 (invincibilem
1700 2430 1750 2472 et
1772 2426 2055 2482 efficacem),
2080 2439 2386 2485 consequen-

1319 2505 1417 2546 tem
1451 2498 1756 2556 (vincibilem
1793 2504 1842 2542 et
1871 2497 2155 2551 efficacem),
2189 2501 2240 2543 et
2269 2510 2386 2545 con·

1316 2572 1648 2616 comitantem
1682 2567 2062 2627 (invincibilem,
2092 2566 2183 2613 sed
2213 2566 2377 2613 ineffi-

1315 2643 1522 2698 cacem).

1373 2713 1430 2755 46
1454 2711 1596 2757 Suar.
1619 2711 1693 2757 De
1716 2712 1922 2756 Cen-rur.
1935 2709 1998 2754 VI
2028 2709 2068 2763 2,
2088 2709 2160 2764 123
2178 2709 2382 2756 Bonaci.

1313 2782 1342 2827 l.
1370 2795 1409 2827 c.
1441 2796 1469 2825 n
1508 2783 1549 2826 5.
1579 2781 1695 2840 ibiq.
1721 2785 1861 2826 Azor.
1886 2781 2061 2835 Layin.
2087 2780 2165 2826 Tr.
2186 2781 2238 2832 11.
2259 2781 2382 2841 Cap.

1311 2852 1395 2899 lv.
1413 2853 1456 2904 6,
1476 2858 1567 2898 etc.
1588 2853 1794 2897 Salmat.
1809 2854 1864 2905 X,
1880 2852 1913 2904 Ι,
1934 2852 2027 2902 189,
2042 2852 2120 2895 '201
2139 2866 2151 2905 ;
2167 2851 2216 2898 S.
2230 2850 2388 2911 Alph..

1313 2923 1369 2977 V,
1394 2926 1439 2973 4:
1467 2922 1578 2974 VII,
1603 2923 1690 2966 350
1725 2936 1768 2967 v.
1804 2923 1983 2968 Idem.-
2011 2922 2167 2967 veluti
2193 2922 2236 2967 si
2264 2921 2382 2982 q‘uis

1310 2994 1397 3039 fer.
1419 2992 1496 3046 VI,
1523 3000 1783 3038 immemor
1803 2995 2023 3038 vescitur
2047 3005 2208 3038 carne.
2228 2993 2290 3037 Et
2309 2997 2383 3039 est

1309 3068 1599 3110 communis
1631 3067 1891 3109 sentencia
1936 3063 2095 3122 <Lago
2124 3064 2198 3108 De
2229 3064 2383 3110 Iusti.

1313 3135 1402 3184 VII,
1428 3136 1501 3181 43)
1537 3139 1586 3180 et
1621 3134 1942 3179 manifestam
1975 3134 2223 3179 rationem
2257 3146 2378 3179 con-

1307 3208 1436 3251 tinet
1469 3206 1544 3265 (V.
1567 3208 1656 3252 lioc
1691 3206 1717 3264 ἓ
1754 3220 1799 3252 n.
1835 3207 1928 3262 40).
1990 3220 1994 3223 ’

1375 3279 1387 3320 1
1429 3278 1487 3323 D.
1523 3277 1642 3323 Tho.
1680 3279 1719 3331 1,
1749 3277 1820 3327 80,
1855 3276 1896 3321 2.
1929 3276 2080 3331 Quae,
2116 3288 2231 3321 curn
2263 3273 2381 3334 quis

1309 3362 1479 3394 secum
1517 3349 1626 3408 ipso
1672 3348 1938 3393 constituit
1988 3345 2180 3406 aliquid
2219 3346 2380 3392 facere

1309 3429 1370 3468 (v.
1406 3433 1445 3465 c.
1481 3423 1664 3477 stipem
1701 3418 1923 3464 conferre
1964 3416 2159 3462 alendis
2193 3428 2382 3476 paupe-

1308 3491 1462 3538 ribus.
1497 3489 1748 3535 abstinere
1790 3487 1941 3541 ludis,
1965 3488 2094 3540 vino,
2130 3486 2379 3542 choraeis)

1299 3562 1584 3617 propositi:
1626 3573 1739 3604 cum
1781 3559 1830 3603 in
1868 3557 2059 3616 aliquid
2091 3555 2270 3610 tendit,
2300 3558 2380 3602 in·

1309 3633 1553 3678 tentionis
1585 3643 1768 3675 nornen
1802 3627 1956 3674 subit.
