2554 4004
183 17 250 76 46
606 41 730 80 uns
765 41 920 81 rann
937 52 961 66 ·
984 39 1353 83 pantaucum
1374 46 1399 68 ⁵-
1419 7 1742 85 mAcr.-⁴1.'i3i=
1762 0 2091 88 »nasonis-'251
2230 38 2257 106 ξ’·
2274 36 2365 98 «με,
2381 63 2403 105 -J-

257 125 345 179 49.
384 126 672 179 Parentum
711 125 1111 196 appellatione
1149 125 1533 200 continentur
1569 136 1772 184 omnes
1809 108 2243 191 adscendentes
2272 118 2391 208 (16)

182 214 462 268 liberorum
517 213 638 276 filii,
682 229 999 285 eorumque
1052 215 1483 271 descendentes
1522 214 1654 292 (17).
1699 218 1783 273 Ex
1825 218 1932 283 liis,
1973 219 2074 291 qui
2135 220 2194 275 in
2236 222 2423 293 primo
2474 227 2482 234 “

183 303 371 371 gradu
412 304 737 358 consistunt
778 304 1057 359 dicuntur
1096 305 1216 359 nlii.
1260 305 1406 360 Sunt
1444 310 1645 361 autem
1690 306 1741 361 1⁰
1768 310 1983 377 leyitimi
2029 316 2079 364 et
2127 312 2404 366 naturales

181 485 241 537 et
283 498 462 536 uxore
504 484 632 538 eius
675 483 937 538 nascitur
964 484 1094 555 (18).
1125 485 1273 547 Quid
1313 485 1361 540 si
1405 487 1802 542 controversia
1844 489 2219 557 paternitatis
2259 491 2419 547 mota

181 571 387 626 fuerit?
414 571 708 643 Principio
749 575 1050 629 sciendum
1095 578 1201 638 est,
1240 576 1456 630 foetum
1498 576 1590 630 edi
1637 590 1788 631 nono
1830 577 2172 650 plerumque
2216 594 2420 636 mense
2494 613 2501 653 .·
2551 580 2554 582 ’

183 675 257 716 ex
310 677 424 731 quo
476 666 792 733 conceptus
847 664 971 728 suit,
1023 664 1315 720 interdum
1368 666 1615 735 septimo
1670 666 1933 731 ineunte,
1978 683 2420 740 nonnumquam
2504 687 2506 689 ’

185 750 409 805 decimo
448 751 1005 827 pleno(19).1taque
1048 755 1175 810 eius
1205 755 1300 825 qui
1345 755 1437 809 vel
1485 758 1609 824 post
1650 755 1960 825 septimum
2008 758 2082 812 ab
2125 758 2419 822 init0‚‘vel

181 843 321 895 ante
363 841 651 895 decimum
695 857 951 899 mensem
993 859 1028 898 a
1069 844 1259 899 soluto
1301 845 1666 899 matrimonio
1710 845 1988 911 nascitur,
2028 850 2075 899 is
2119 855 2275 917 pater
2326 854 2421 916 est,
2498 915 2501 919 ⁴

174 947 318 998 quem
346 935 555 1001 nuptiae
576 934 930 987 demonstrant
950 934 1075 1006 (20).
1101 935 1305 989 Editus
1326 937 1467 989 ante
1495 935 1742 990 habetur
1766 935 2068 1004 legitimus
2090 938 2419 1003 dumtaxat,

177 1019 225 1074 si
256 1021 501 1076 maritus
531 1022 622 1077 vel
654 1023 819 1077 duxit
849 1025 1039 1079 sciens
1071 1026 1275 1080 volens
1317 1025 1621 1080 mulierem
1657 1028 2108 1095 praegnantem,
2140 1028 2253 1092 vel,
2284 1043 2418 1085 cum

171 1125 452 1180 praesens
481 1115 655 1176 esset,
687 1117 888 1168 natum
920 1114 1184 1184 protinus
1214 1130 1327 1169 non
1357 1114 1694 1184 repudiavit
1720 1113 1854 1187 (21).
1887 1116 2011 1170 Non
2056 1117 2196 1172 item
2225 1117 2419 1175 serius

180 1199 395 1264 editus3
422 1202 529 1255 nisi
562 1204 763 1257 matris
796 1205 1085 1268 valetudO,
1109 1207 1168 1260 et
1198 1220 1403 1267 mores,
1429 1206 1490 1259 et
1519 1220 1715 1260 rerum
1746 1205 2226 1263 circumstantiae
2253 1207 2415 1264 aliud

174 1290 627 1363 suadeant(22l

248 1380 335 1433 50.
362 1381 492 1434 Nati
523 1387 693 1436 extra
722 1383 1153 1438 matrimonium
1182 1384 1461 1438 dicuntur
1491 1384 1592 1438 filii
1625 1384 1943 1454 illegitimi,
1975 1401 2078 1442 seu
2109 1386 2417 1444 naturales

172 1468 516 1539 simpliciter
548 1470 678 1543 (23).
709 1473 779 1526 Hi
824 1473 947 1528 iure
988 1473 1150 1528 civili
1179 1488 1215 1527 a
1243 1473 1526 1542 legitimis
1566 1474 1790 1528 distant
1820 1476 1975 1544 quod
2014 1476 2088 1530 ad
2132 1477 2262 1532 iura
2288 1491 2415 1533 suc·

174 1559 524 1614 cessionum:
565 1561 690 1617 iure
732 1562 1012 1617 canonico
1040 1565 1178 1617 sunt
1220 1563 1597 1631 irregulares,
1627 1562 1735 1627 Qui
1779 1564 1826 1618 si
1857 1564 1967 1619 orti
1997 1567 2135 1619 sunt
2176 1581 2251 1620 ex
2286 1565 2415 1622 viro

173 1652 232 1704 et
262 1649 507 1706 muliere
551 1652 707 1707 inter
746 1668 889 1722 quos
918 1653 1353 1708 matrimonium
1381 1653 1575 1708 valide
1617 1654 1758 1709 coiri
1795 1671 1909 1710 non
1953 1656 2256 1726 potuisset,
2284 1656 2414 1712 iure

170 1755 275 1794 seu
307 1741 579 1804 naturali,
604 1756 708 1795 seu
736 1742 950 1805 divin0,
975 1758 1080 1798 seu
1109 1743 1405 1806 canonicO,
1432 1759 1540 1798 usu
1570 1743 1713 1799 iuris
1736 1739 2003 1800 canonici
2034 1745 2418 1816 appellantur
2492 1730 2505 1761 ⁵

174 1832 347 1898 spurii
371 1847 474 1886 seu
505 1834 619 1883 nati
642 1848 706 1884 ea:
739 1834 980 1885 damnato
1007 1834 1143 1886 coitu
1175 1829 1313 1905 (24)j:
1346 1832 1474 1887 iure
1501 1836 1699 1887 autem
1730 1834 1890 1888 civili
1923 1849 1996 1889 ne
2039 1834 2143 1888 filii
2176 1834 2415 1905 quidem

2407 94 2418 107 Ι
2438 92 2471 109 «⁸7¹
2509 108 2512 109 .

2371 112 2524 167 0'*:³²

2403 174 2418 200 0

249 1994 303 2038 16
323 1992 378 2038 L.
402 1993 453 2037 51
486 1994 560 2041 De
596 1995 644 2039 V.
670 1992 715 2038 S.

249 2067 299 2111 17
323 2066 380 2114 L.
402 2068 491 2112 220
514 2070 633 2114 Εοά.

242 2142 291 2186 18
313 2141 367 2187 L.
393 2143 422 2187 6
450 2144 525 2191 De
546 2146 626 2189 his
648 2146 738 2201 qui
757 2147 855 2190 sui.

231 2217 286 2262 19
309 2217 362 2262 L.
401 2217 443 2273 3,
478 2222 508 2273 g
539 2221 662 2264 ult„-
697 2219 773 2267 De
802 2220 912 2264 suis
944 2222 992 2264 et
1025 2209 1160 2277 lepit.
1193 2219 1244 2267 C.

174 2293 234 2337 A.
265 2291 360 2346 138,
399 2292 496 2337 163.
530 2292 719 2352 Nempe
752 2307 853 2340 non
887 2296 1003 2339 ante
1042 2293 1124 2339 180
1155 2308 1246 2341 nec

181 2368 299 2425 post
320 2367 407 2411 300
434 2366 565 2412 diem
587 2367 641 2415 C.
665 2367 720 2414 G.
749 2367 850 2412 315.
876 2367 934 2412 It.
966 2369 1062 2422 161,
1086 2371 1178 2416 etc.

229 2441 289 2485 20
311 2441 365 2486 L.
387 2443 416 2486 5
443 2443 517 2489 De
540 2444 597 2487 in
622 2445 704 2488 ius
728 2455 829 2489 voc.
852 2442 963 2489 Nisi
998 2443 1136 2490 aliud
1175 2445 1246 2490 sit

180 2512 622 2559 evidentissimum
657 2513 731 2569 (L.
756 2515 798 2566 6,
822 2518 851 2568 g
885 2515 900 2558 1
938 2515 1014 2562 De
1045 2518 1126 2561 his
1157 2519 1245 2573 qui

179 2587 304 2645 sut).
326 2586 426 2634 Nec
443 2586 610 2633 obstat
630 2588 748 2641 filio,
772 2589 814 2633 si
833 2592 992 2634 mater
1014 2589 1246 2635 adultera

176 2660 331 2707 fuerit
353 2661 426 2719 (L.
459 2663 523 2716 11,
549 2663 577 2720 §
602 2663 644 2708 9.
666 2664 741 2708 Ad
762 2663 815 2707 L.
845 2665 968 2708 Iuli.
990 2665 1064 2711 De
1081 2666 1241 2709 adult.

167 2734 220 2783 C.
235 2734 408 2781 G.313.
433 2735 493 2781 It.
523 2737 619 2782 165.
647 2738 739 2782 Au.
771 2738 899 2793 158>t
923 2751 1013 2784 nec
1037 2740 1079 2783 si
1109 2739 1242 2798 ipsa-

172 2813 276 2855 met
323 2823 438 2855 eum
487 2809 830 2857 adulterinum
879 2811 1104 2871 professa
1147 2814 1239 2870 sit3

180 2884 282 2930 nisi
309 2884 428 2930 talia
452 2885 671 2944 proferat
697 2886 894 2942 indicia,
915 2900 1043 2947 quae
1067 2887 1117 2933 in
1140 2888 1244 2933 foro

182 2956 416 3000 exteriori
450 2957 577 3001 satis
610 2956 772 3003 forent
804 2957 976 3018 (Lugo
1009 2959 1085 3006 De
1116 2960 1244 3005 Just.

183 3028 253 3083 13,
284 3029 389 3082 26:
424 3033 657 3089 quamvis
690 3033 759 3078 sit
791 3032 888 3078 fide
926 3033 1243 3092 dignissima,

181 3106 230 3148 et
249 3103 431 3158 iurata,
450 3118 505 3149 ac
525 3106 740 3152 moriens
762 3107 810 3152 id
828 3111 1046 3154 asserat:
1066 3108 1242 3167 primo,

177 3178 299 3237 quia
319 3181 466 3224 nulla
491 3186 564 3225 est
588 3195 752 3227 eausa
774 3195 903 3239 quae
924 3185 1083 3229 unius
1109 3185 1243 3230 testi·

178 3253 370 3306 monio,
392 3257 625 3309 quamvis
647 3258 744 3312 lays
750 3259 889 3311 timo,
922 3260 1241 3305 terminetur.

177 3321 254 3379 (C.¹
282 3323 341 3368 23
365 3325 440 3372 De
474 3326 647 3371 Testib.
672 3327 808 3374 Less.
832 3328 885 3381 11,
914 3331 969 3384 X,
990 3330 1062 3375 54.
1085 3330 1239 3376 Salm.

182 3395 248 3447 10,
272 3394 312 3448 9,
337 3397 407 3440 46.
433 3396 480 3442 S.
498 3396 646 3456 Alph.
672 3397 759 3453 ΙΙΙ,
776 3399 879 3452 654,
902 3399 1034 3458 924);
1058 3400 1239 3447 deinde

177 3466 297 3524 quia
312 3478 459 3512 nemo
477 3471 695 3512 meretur
718 3468 867 3514 fidem
887 3470 1110 3528 allegans
1136 3475 1237 3517 tur-

179 3536 461 3594 pitudinem
484 3551 629 3583 suam
647 3540 719 3595 (L.
740 3539 769 3582 5
786 3540 836 3587 C.
856 3541 931 3587 De
947 3542 1081 3587 Serv.
1098 3544 1234 3598 pe'yn.

172 3610 309 3652 clato,
328 3608 378 3655 C.
397 3609 440 3663 8,
463 3613 492 3663 g
515 3613 601 3656 ult.
627 3612 700 3657 De
722 3612 936 3670 donat).

224 3680 276 3723 21
306 3681 358 3727 L.
389 3683 423 3734 l,
460 3685 532 3730 De
562 3686 769 3741 Aynosc.
792 3686 1019 3734 Liber.C.
1047 3687 1108 3732 G.
1130 3687 1233 3734 314.

176 3749 232 3797 lt.
259 3752 354 3798 161.
379 3750 587 3804 Zachar.
605 3756 708 3810 546,
740 3758 773 3803 1.

1409 1995 1468 2039 22
1490 1995 1628 2042 Voet.
1657 1996 1730 2052 50,
1753 1995 1796 2050 5,
1820 1997 1862 2043 4.
1886 1996 2028 2043 Reiff.
2054 1995 2136 2049 lv,
2167 1998 2234 2052 17,
2256 1996 2332 2044 23.
2355 1995 2413 2044 V.

1347 2067 1400 2114 C.
1427 2067 1484 2114 G.
1512 2067 1618 2113 315.
1640 2067 1754 2113 Ital.
1782 2067 1881 2113 169.

1410 2138 1466 2181 23
1485 2137 1539 2183 L.
1552 2138 1611 2182 23
1629 2140 1703 2185 De
1722 2137 1873 2184 Statu
1890 2140 2016 2184 hom.
2031 2137 2128 2184 Sed
2146 2138 2269 2185 licet
2290 2135 2415 2192 fllia,

1348 2208 1594 2269 quamdiu
1627 2210 1768 2262 vivit,
1802 2209 1991 2265 docere,
2026 2222 2125 2270 quo
2158 2222 2220 2255 ex
2252 2211 2414 2269 patre,

1346 2282 1538 2337 scripto
1555 2280 1735 2340 quovis
1761 2283 2061 2327 authentico
2069 2298 2084 2335 ,·
2105 2292 2207 2341 qua
2223 2292 2288 2326 ex
2311 2290 2418 2326 ma·

1346 2355 1436 2404 tre,
1469 2351 1621 2396 etiam
1656 2353 1888 2406 indiciis,
1930 2350 2099 2396 editus
2140 2351 2208 2397 sit
2241 2348 2314 2407 (o.
2353 2347 2414 2396 G.

1347 2421 1447 2469 329.
1466 2421 1525 2467 It.
1552 2423 1667 2478 177),
1692 2422 1768 2476 Et,
1787 2417 1899 2482 ipso
1925 2424 2137 2476 mortuo,
2161 2421 2278 2467 licet
2294 2418 2415 2467 hae-

1346 2491 1550 2538 redibus
1580 2493 1647 2551 (C.
1674 2493 1734 2540 G.
1756 2494 1876 2549 329),
1908 2496 1970 2546 et,
1996 2505 2152 2553 penes
2185 2504 2293 2548 nos,
2314 2488 2415 2546 his,

1346 2563 1424 2609 vel
1458 2565 1645 2617 liberis,
1687 2563 1775 2608 sed
1814 2563 1865 2608 in
1907 2559 2254 2623 quinquennio
2292 2573 2410 2620 pro·

1347 2634 1498 2686 ximo,
1532 2647 1561 2679 a
1593 2634 1777 2679 maiore
1803 2636 1982 2682 aetate.
2014 2634 2059 2678 si
2090 2631 2217 2678 forte
2251 2632 2416 2679 mino-

1344 2717 1424 2749 res
1456 2703 1657 2757 fuerint,
1692 2703 2031 2764 computando
2064 2703 2139 2762 (C.
2162 2703 2221 2749 It.
2252 2703 2370 2760 178).

1404 2775 1462 2819 24
1495 2775 1571 2819 Ex
1595 2774 1691 2822 cc,
1725 2774 1767 2827 3,
1802 2775 1866 2820 ιο.
1896 2774 1993 2824 om·
2013 2775 2115 2834 ficia·
2145 2774 2254 2820 sint
2278 2774 2413 2832 τερα.

1343 2845 1486 2892 Less.
1521 2846 1572 2900 Π,
1611 2845 1674 2898 19,
1709 2845 1782 2892 55.
1817 2845 1988 2905 Spurii
2029 2847 2200 2892 autem
2232 2857 2413 2893 rursus

1350 2918 1393 2960 1⁰
1421 2916 1499 2963 vel
1534 2918 1832 2971 adulterini,
1858 2917 1907 2960 2⁰
1931 2916 2009 2962 vel
2042 2916 2306 2975 sacrileqi,
2330 2915 2414 2963 vel
2498 2920 2506 2979 J

1343 2989 1392 3033 3⁰
1434 2991 1731 3043 incestuosi,
1772 2987 1851 3034 vel
1896 2989 1944 3032 4⁰
1983 2987 2212 3046 nefarii5
2258 2989 2413 3048 prout

1344 3071 1522 3119 nempe
1546 3072 1606 3104 ex
1630 3057 1943 3118 parentibus,
1969 3058 2066 3112 (vel
2095 3070 2194 3104 uno
2219 3058 2410 3112 eorum)

1350 3131 1392 3173 10
1411 3130 1717 3189 coniugatis3
1740 3142 1831 3174 seu
1853 3129 1901 3172 2ο
1919 3127 2174 3174 obstrictis
2193 3125 2411 3174 solemni

1344 3200 1597 3247 castitatis
1632 3203 1759 3254 voto,
1795 3199 1872 3244 vel
1910 3197 2082 3244 ordine
2115 3209 2280 3251 sacrm
2314 3209 2410 3242 seu

2499 168 2533 203 ἐκ.
2547 167 2551 177 v

2535 230 2554 238 ..

2512 253 2554 277 v*-

179 391 240 446 20
268 396 558 455 naturalem,
590 392 650 447 3⁰
680 395 904 461 Ieyz'timi.
938 394 1260 463 Legitimus
1302 398 1363 450 et
1405 397 1695 452 naturalis
1724 397 1772 453 is
1801 399 2017 454 dicitur
2057 402 2154 471 qui
2187 417 2263 457 ex
2290 362 2424 456 vird
2512 391 2521 450 s
2551 392 2554 397 ’

1342 3270 1390 3316 3⁰
1411 3269 1787 3317 collateralibus
1822 3269 2004 3330 quovis
2031 3267 2194 3327 gradu
2217 3266 2293 3323 (L.
2315 3265 2408 3314 ult.
2502 3304 2507 3313 .

1341 3343 1392 3391 C.
1417 3343 1488 3390 De
1507 3344 1628 3389 Ritu
1644 3343 1803 3399 Nupt.
1822 3339 2078 3386 Sanch.M.
2097 3338 2209 3393 VIII,
2230 3339 2297 3392 17,
2314 3337 2412 3397 29),

1341 3416 1419 3461 vel
1456 3413 1703 3469 affinibus,
1736 3425 1826 3458 seu
1865 3412 1913 3455 4⁰
1947 3410 2148 3457 demum
2191 3407 2407 3456 adscen-

1341 3484 1591 3539 dentibus,
1612 3486 1662 3529 et
1680 3481 2106 3528 descendentibus
2134 3479 2243 3526 nati
2265 3479 2403 3541 sunt.

1339 3559 1475 3615 Quae
1491 3569 1604 3602 eum
1633 3554 1815 3614 primis
1839 3567 1900 3598 ex
1925 3555 2082 3598 matre
2107 3549 2406 3596 existiman-

1339 3633 1422 3673 tur
1460 3629 1554 3684 (De
1594 3628 1724 3672 lust.
1765 3625 1800 3678 1,
1840 3623 1914 3678 Vl,
1950 3621 2076 3681 550).
2110 3621 2219 3666 Iure
2265 3617 2406 3665 civili

1338 3698 1499 3757 spurii
1533 3697 1773 3743 dicuntur
1806 3707 1979 3741 omnes
2014 3690 2267 3751 illegitimi
2287 3691 2335 3748 (5
2358 3688 2404 3734 2.

1339 3770 1413 3817 De
1439 3769 1626 3826 Nupt.).
