2548 4042
1456 0 1464 9 ,
1516 0 1531 8 ,γ
1835 7 1842 15 r
1897 3 1899 7 ⁴
1944 7 1950 14 ι
2142 3 2149 6 “

1749 23 1769 39 Α
1824 38 1829 40 μ
1850 27 1858 35 ι
1870 25 1875 30 —
1885 21 1907 41 „2
1957 21 2014 41 *⁴4*
2027 14 2046 27 ‘'¹‘'
2058 14 2101 35 ’,ι’-ἱ

1580 37 1618 81 '⁴'
1676 58 1683 62 ⁸
1670 0 1797 98 ,ἦ
1830 46 1849 73 ἐι
1870 53 1895 66 ·’
1924 56 1928 73 ὶ
1954 45 1957 52 ’
1990 41 1994 46 ’

127 32 131 37 ·
188 20 292 78 180
347 6 350 7 ’
403 7 406 10 “
590 0 731 77 rins
764 26 1418 84 mma-motmun-

166 121 1282 204 ‘voluntatelegislatorisinvestiganda,
1304 94 1755 196 interpretanda
1768 75 2349 204 versallil‘tffi„
2276 184 2293 195 ,τ
2347 118 2461 212 [51ss

185 227 397 281 nempe
438 211 498 266 in
542 211 649 266 hoc
677 225 835 274 casu,
865 213 959 268 vel
992 212 1112 278 illo,
1142 214 1192 269 is
1221 213 1477 270 voluerit
1503 212 1788 284 obligare
1817 203 1930 272 Sed
1954 215 2314 286 admonendi
2333 215 2347 229 '
2381 242 2479 276 ι
2495 254 2534 285 ι,

184 316 314 356 mus
342 299 668 370 epichejam
700 300 871 357 hodie
899 301 1002 359 vix
1043 302 1235 359 locum
1265 304 1485 360 habere
1525 303 1584 359 in
1620 302 1742 359 foro
1782 306 2031 361 externo
2050 303 2196 379 (46).
2238 305 2302 363 in
2345 294 2544 374 ⁶⁹?

180 395 352 445 terno
390 390 612 452 autem,
644 404 757 445 non
790 390 943 461 parti
972 391 1364 463 relinquenda
1392 394 1503 459 est,
1532 394 1771 464 propter
1813 393 2295 452 hallucinationis
2330 384 2476 469 pe'ss*
2488 443 2523 458 ,

179 479 450 542 1icu1um,
494 478 598 534 sed
640 478 700 534 in
741 478 1153 537 aestimatione
1198 482 1329 536 boni
1375 482 1487 537 viri
1531 497 1661 539 esse
1705 482 1912 551 debet;
1955 485 2046 541 et
2037 487 2202 546 tunc
2241 477 2457 553 solum.
2471 475 2539 551 ζ’]

181 584 314 624 cum
343 583 459 624 non
488 568 629 625 licet
655 569 822 625 adire
851 570 1256 640 legislatorem
1285 572 1412 627 sine
1443 572 1800 628 incommodo
1827 574 1997 642 gravi
2023 572 2156 647 (47).
2186 575 2259 632 Et
2285 578 2457 645 tunt}

181 662 377 715 cessat
418 659 573 728 legis
599 659 884 728 obligatio
922 663 974 713 si
1007 669 1161 726 certo,
1202 665 1282 715 vel
1319 665 1499 716 saltem
1530 660 1867 733 probabiliter
1892 663 2195 732 judicatur,
2222 665 2477 738 leqiela-

183 754 345 802 torem
384 751 612 803 noluisse
651 751 807 803 illum
849 768 1030 805 casum
1075 756 1170 806 sub
1222 754 1325 820 leffe
1375 754 1736 824 comprehendi
1770 750 1916 826 (48);
1970 755 2097 810 sive
2147 756 2457 814 damnum

180 852 487 894 commune
516 841 807 903 versetur,
837 841 988 910 quod
1019 855 1190 896 nemo
1218 842 1465 907 dubitat,
1495 857 1600 898 seu
1628 842 2014 912 singulorum,
2044 859 2196 916 quae
2234 845 2467 903 verior

180 933 243 983 et
281 943 441 984 nunc
481 931 722 999 recepta
762 930 1066 987 sententia
1107 933 1199 987 est
1227 930 1357 1002 (49).

182 1147 300 1194 1718
316 1149 532 1205 censuit,
555 1147 689 1195 filios
706 1151 855 1195 natos
874 1151 989 1195 ante
1008 1148 1251 1196 delictum

176 1222 539 1279 perpetratum,
562 1218 640 1265 vel
662 1222 780 1279 post
802 1219 994 1266 editam
1019 1234 1049 1267 a
1074 1234 1253 1280 paren-

175 1287 318 1335 tibus
351 1288 736 1350 abjurationem,
771 1303 883 1337 esse
927 1291 1251 1351 excipiendos

176 1359 254 1414 (V.
275 1359 460 1408 Bened.
484 1359 601 1405 XIV
619 1363 694 1408 De
710 1361 858 1418 Syno.
883 1361 1021 1417 XIII,
1045 1362 1117 1415 24,
1152 1361 1252 1420 21).

234 1431 296 1476 46
325 1431 403 1476 Ex
436 1430 489 1476 L.
519 1432 534 1476 l
564 1430 617 1479 C.
643 1433 688 1478 h.
723 1436 755 1477 t.
788 1431 879 1486 Ibi,
903 1434 1052 1480 Inter
1073 1436 1250 1491 aequi-

175 1506 335 1548 tatem
362 1506 414 1549 et
433 1504 530 1558 jus
551 1504 918 1560 interpositam
940 1505 1251 1561 interpreta-

171 1575 385 1628 tionem,
411 1574 559 1619 nobis
580 1575 708 1619 solis
741 1578 793 1621 et
819 1578 1036 1631 oportet,
1058 1579 1110 1620 et
1131 1577 1255 1623 licet

170 1647 445 1703 inspicere.
472 1644 746 1691 Panormit.
780 1646 832 1691 in
867 1646 919 1692 C.
962 1648 975 1689 1
1006 1647 1082 1694 De
1113 1647 1243 1694 Con·

171 1719 281 1763 stit.
313 1731 360 1762 n.
392 1718 458 1762 14.
493 1717 644 1762 Esset
666 1718 801 1762 enim
835 1721 1118 1776 aequitatis
1151 1733 1243 1766 no-

174 1790 315 1835 mine
337 1790 497 1845 levem
521 1790 700 1836 tollere
720 1788 935 1846 (Donell.
962 1789 999 1846 1,
1023 1790 1159 1844 XIII,
1182 1791 1250 1849 3).

175 1858 285 1905 Hac
318 1862 570 1919 potestate
603 1860 654 1904 in
690 1862 793 1906 foro
827 1861 963 1907 civili
990 1861 1249 1921 pollebant

174 1928 456 1984 Praetores,
474 1943 689 1989 quorum
714 1933 822 1976 erat
845 1931 1094 1978 moderari
1117 1934 1249 1992 rigo-

174 2012 281 2046 rem
309 2001 464 2060 juris;
489 2005 537 2045 et
561 2013 623 2045 ex
646 2001 746 2047 NN.
773 2001 871 2048 LL.
895 2003 1145 2061 permissa
1170 2008 1248 2049 est

168 2070 432 2131 judicibus
457 2072 508 2116 in
530 2071 838 2131 quibusdam
863 2073 1066 2120 casibus
1092 2075 1249 2120 nomi-

171 2142 335 2187 natim
372 2143 660 2202 expressis:
693 2143 746 2187 in
778 2142 883 2189 foro
917 2146 1155 2191 canonico
1190 2159 1248 2192 ea

171 2214 440 2272 praestant
473 2212 561 2259 SS.
599 2212 749 2259 Urbis
799 2214 1245 2274 Congregationes‚

172 2296 303 2342 quae
349 2282 623 2342 Principali
675 2285 981 2330 auctoritate
1029 2299 1247 2334 canones

174 2354 592 2412 interpretantur.

232 2426 288 2469 47
313 2426 471 2485 Cajet.
490 2425 634 2472 Suar.
654 2425 737 2482 VI,
757 2428 800 2481 8,
822 2429 865 2474 9.
890 2428 1096 2474 Scilicet
1122 2429 1247 2476 haee

170 2496 524 2555 interpretatio
559 2499 707 2556 quasi
732 2498 783 2542 in
809 2498 1246 2558 dispensationem

169 2566 367 2612 recidit.
403 2567 592 2613 Contra
625 2568 869 2626 Sylvestr.
905 2569 1127 2629 Henriq.,
1151 2574 1248 2617 etc.

167 2637 407 2683 Ceterum
442 2637 738 2698 hujusmodi
773 2640 1164 2695 incommodum,
1195 2643 1247 2688 in

167 2709 294 2756 loeis
326 2709 414 2756 ubi
450 2725 548 2757 non
584 2714 809 2756 moratur
842 2713 888 2757 is
922 2713 1007 2771 qui
1033 2712 1245 2772 dispen-

167 2780 317 2826 sandi
352 2783 660 2841 potestatem
695 2781 845 2827 habet
888 2784 975 2829 vix
1019 2795 1247 2842 unquam

172 2852 352 2899 deerit.

233 2925 290 2967 48
320 2925 368 2970 S.
393 2923 543 2983 Alph.
566 2923 602 2978 I,
627 2925 727 2969 201.
754 2925 965 2972 Salmat.
994 2926 1081 2982 XI,
1106 2928 1148 2980 4,
1172 2929 1248 2980 41,

168 2993 285 3052 ibiq.
320 2994 523 3050 Palaus,
556 2998 607 3041 et
645 2996 909 3051 Muttinem
943 3000 993 3043 et
1028 2997 1246 3057 Sylvest.

168 3064 315 3111 Cord.
341 3066 547 3125 Heni-iq.
583 3080 658 3126 ap.
694 3067 879 3113 Sanch.
900 3066 964 3111 M.
989 3068 1050 3115 II.
1074 3070 1149 3123 41,
1171 3067 1244 3112 37.

168 3133 355 3179 Verum
384 3135 501 3180 Soto
530 3136 583 3182 id
612 3150 710 3182 non
736 3137 977 3193 admittit,
1004 3138 1105 3184 nisi
1124 3151 1246 3195 pro-

166 3206 392 3250 babilius
425 3207 495 3251 sit
528 3208 580 3251 in
613 3207 708 3255 hoc
741 3222 865 3254 casu
896 3209 1243 3268 legislatorem

165 3274 300 3321 nolle
323 3274 546 3335 obligare
566 3278 658 3334 (De
681 3279 816 3326 Just.
848 3279 886 3334 I,
914 3279 1020 3330 VII,
1045 3281 1088 3334 8,
1113 3281 1247 3326 circa

166 3345 287 3403 fin),
320 3358 472 3406 quem
503 3350 736 3406 sequitur
760 3350 929 3396 Sanch
961 3351 993 3397 l.
1017 3364 1084 3397 c.:
1122 3351 1246 3411 quin

169 3417 255 3462 alii
289 3416 342 3462 id
379 3421 580 3464 certum
626 3432 736 3464 esse
786 3424 1013 3480 oportere
1058 3423 1248 3481 putant

171 3488 367 3547 (Laym.
396 3488 466 3542 19,
501 3489 561 3546 3).

227 3559 287 3603 49
320 3558 467 3606 Suar.
492 3558 575 3611 VI,
597 3561 642 3614 7,
669 3559 734 3604 13.
761 3560 967 3608 Salmat.
994 3561 1077 3617 XI,
1104 3563 1143 3616 4,
1169 3563 1243 3608 45.

167 3630 233 3674 Et
259 3629 448 3677 nedum
481 3643 598 3676 cum
631 3631 804 3690 agitur
836 3632 895 3676 de
941 3634 1126 3679 damno
1161 3634 1240 3679 vi·

166 3699 340 3755 tando,
360 3700 452 3747 sed
481 3704 532 3748 et
563 3713 681 3748 cum
704 3701 765 3747 de
788 3715 972 3761 magno
997 3707 1046 3749 et
1070 3706 1243 3751 extra·

1330 2284 1449 2339 '(Ex
1474 2284 1526 2328 L.
1554 2286 1594 2337 4,
1622 2287 1651 2336 §
1684 2284 1711 2327 3
1735 2284 1809 2330 De
1830 2285 1906 2330 Re
1923 2284 2091 2330 Judie.
2117 2282 2174 2330 V.
2198 2283 2247 2331 S.
2271 2281 2424 2345 Alph.

1356 1149 1611 1196 ordinario
1643 1149 1785 1197 lucro
1818 1163 1917 1197 non
1951 1150 2232 1200 amittendo
2261 1153 2433 1212 (Suar.

1355 1235 1404 1268 n.
1433 1222 1498 1266 14.
1533 1221 1689 1268 Salm.
1722 1235 1768 1267 n.
1801 1223 1874 1267 45.
1910 1220 1959 1269 S.
1989 1223 2139 1283 Alph.
2173 1221 2210 1280 1,
2242 1224 2366 1283 200).

1414 1293 1597 1349 Quaeri
1623 1295 1807 1352 potest,
1832 1306 1955 1339 num
1981 1294 2207 1356 epicheja
2229 1294 2419 1344 admit-

1355 1363 1509 1409 tenda
1550 1363 1622 1410 sit
1665 1364 1820 1410 etiam
1868 1376 1986 1410 cum
2034 1364 2257 1414 laesione
2291 1365 2432 1428 juris

1355 1432 1542 1482 alieni?
1562 1433 1628 1479 Et
1645 1434 1696 1478 in
1716 1434 1820 1479 foro
1837 1434 2035 1480 interno
2054 1434 2426 1484 admittendam

1353 1517 1466 1550 esse
1493 1517 1591 1549 non
1617 1503 1811 1558 dubito,
1835 1504 2038 1562 quando
2061 1505 2250 1553 caritas
2277 1516 2426 1567 prae-

1354 1576 1489 1622 valet
1515 1575 1754 1654 justitiae
1788 1575 1836 1633 (g
1879 1574 1975 1629 177,
2009 1577 2082 1627 4).
2126 1576 2180 1622 in
2220 1579 2494 1628 exterum
2518 1589 2540 1618 ι·“

2487 529 2548 703 Ξ

2487 682 2548 780 fl}

2492 775 2548 844 Ξ

2493 868 2548 970 1

2480 981 2548 1054 Ξ

2454 1054 2548 1139 ξ

2483 1200 2548 1323 ἑὲ

2492 1334 2548 1574 Ξ

1353 1647 1419 1704 (si
1443 1645 1647 1706 quando
1669 1646 1714 1691 ei
1738 1645 1880 1692 locus
1903 1648 2015 1702 est),
2037 1647 2090 1692 in
2114 1660 2214 1708 quo
2236 1641 2468 1695 caritas
2495 1668 2526 1712 3·

1353 1720 1536 1770 cessat,
1572 1729 1669 1762 non
1703 1717 1840 1762 item.
1861 1715 1973 1763 Nisi
1995 1717 2121 1764 forte
2144 1718 2206 1764 de
2229 1727 2286 1765 eo
2309 1718 2474 1780 jure
2481 1710 2539 1777 s-fi‘ss

1354 1791 1548 1847 agatur,
1565 1786 1700 1847 quod
1718 1787 1924 1846 profluit
1944 1801 2007 1834 ex
2030 1788 2144 1848 ipsa
2165 1787 2275 1849 lege
2295 1798 2454 1850 quao'
2476 1812 2503 1831 -e

1351 1859 1725 1917 interpretatur.
1752 1857 1820 1904 Ut
1842 1871 1956 1904 ecce
1988 1859 2034 1904 si
2059 1860 2241 1920 jussus
2266 1852 2429 1908 fueris
2507 1912 2509 1914 ,

1353 1929 1611 1975 absolvere
1655 1928 1826 1989 SeJum
1861 1943 1890 1975 a
1922 1929 2170 1983 censuris,
2201 1930 2247 1976 si
2279 1931 2425 1991 prius
2507 1935 2526 1972 Γ

1352 2013 1503 2061 quam
1547 1997 1697 2044 debet
1741 1999 1862 2060 Cajo
1895 2000 2165 2060 pecuniam
2196 2000 2427 2059 solverit,
2495 2030 2521 2065 ι,

1353 2076 1403 2117 et
1428 2071 1575 2130 Sejus
1608 2074 1828 2130 nequeat
1859 2070 2128 2130 pecuniam
2161 2070 2426 2125 commode
2526 2058 2543 2078 ς’

1352 2143 1637 2195 restituere,
1691 2141 1781 2187 sed
1846 2142 2078 2188 idoneam
2136 2143 2423 2190 cant-ionem

1352 2214 1470 2259 dare
1491 2216 1700 2272 paratus
1717 2214 1801 2269 sit,
1821 2213 2010 2273 poteris
2028 2225 2145 2259 eum
2165 2212 2428 2261 absolvere

1353 2354 1438 2410 VI,
1459 2355 1564 2408 537,
1587 2368 1633 2415 q.
1655 2357 1699 2408 7,
1722 2354 1780 2401 V.
1803 2355 1863 2400 Si
1886 2357 2047 2411 vero):
2083 2354 2205 2414 quia
2226 2353 2507 2410 nullam..)

1353 2426 1476 2485 Caj0
1510 2426 1634 2472 facis
1669 2426 1910 2486 injuriam
1942 2438 2060 2472 nam
2077 2426 2165 2485 jus
2197 2424 2427 2480 alterius,
2468 2419 2499 2485 ..ff

1351 2511 1412 2543 ne
1446 2499 1489 2543 is
1516 2500 1632 2543 ante
1655 2496 1963 2552 absolvatur,
1987 2509 2087 2543 non
2110 2509 2172 2542 ex
2203 2495 2314 2555 lege
2337 2507 2422 2545 na·

1350 2569 1503 2614 turali
1529 2568 1750 2627 profluit,
1775 2566 1865 2613 sed
1898 2580 1960 2612 ex
1994 2567 2105 2627 lege
2137 2566 2396 2613 canonica.
2474 2603 2489 2618 .

1413 2639 1533 2684 Dixi
1569 2638 1848 2698 epichejam
1875 2639 2036 2683 totam
2061 2637 2252 2684 versari
2274 2637 2327 2683 in
2349 2648 2430 2685 m-
2443 2634 2516 2702 71

1350 2709 1678 2769 terpretanda
1702 2711 1971 2756 voluntate
1995 2707 2328 2768 legislatoris:
2350 2706 2429 2758 fa·
2443 2707 2506 2772 ,ζ’-

1349 2782 1456 2826 teor
1481 2793 1557 2824 me
1582 2779 1853 2825 recessisse
1890 2793 1919 2824 a
1945 2779 2241 2824 definitione
2267 2789 2455 2838 quam.
2448 2770 2493 2841 js

1350 2851 1645 2898 Aristotiles
1678 2851 1903 2905 tradidit,
1929 2853 2010 2898 cui
2038 2854 2236 2898 veteres
2269 2850 2428 2899 Scho·
2474 2855 2507 2934 ¹.

1350 2923 1522 2969 lastici
1546 2936 1662 2968 cum
1687 2922 1746 2967 D.
1766 2922 1958 2968 Thoma
1981 2921 2341 2968 adhaeserunt.
2355 2921 2469 2968 Ηι
2476 2965 2495 2978 Δ,

1351 2993 1608 3053 epicheiae
1640 2993 1808 3039 locum
1836 3005 1947 3038 esse
1973 2991 2156 3038 docent
2178 3004 2423 3052 quocum·
2488 3008 2515 3047 g

1348 3077 1445 3124 que
1471 3064 1673 3110 nomine
1696 3064 1778 3109 lex
1803 3074 2044 3108 pentorn·
2060 3067 2281 3120 propter
2301 3063 2421 3109 uni-
2448 3066 2451 3067 ’
2479 3054 2523 3090 ‘⁴³

1351 3137 1554 3182 ver-sale
1565 3133 1641 3192 (V.
1661 3134 1804 3180 Suar.
1820 3132 1899 3188 VI,
1915 3133 1958 3187 7,
1980 3133 2044 3177 ll.
2064 3133 2239 3189 Laym.
2261 3133 2328 3189 19,
2346 3131 2417 3193 3);
2495 3132 2531 3197 ’,ᾖ-ζ

1349 3206 1456 3251 sive
1479 3204 1743 3264 legislator
1766 3217 1924 3263 supra
1947 3216 2094 3249 suam
2112 3206 2418 3264 potestatem

1342 3276 1430 3336 jus
1459 3275 1654 3322 dixisse
1680 3274 1933 3330 videatur3
1958 3275 2067 3322 sive
2094 3287 2212 3321 cum
2235 3274 2319 3322 lex
2341 3273 2428 3326 ob*

1350 3347 1539 3393 servari
1576 3359 1676 3392 non
1710 3349 1879 3406 potest
1900 3345 1981 3391 vel
2009 3347 2054 3389 1⁰
2075 3345 2188 3393 sine
2208 3341 2423 3407 injusti·
2454 3343 2545 3417 ⁷723,

1350 3419 1436 3472 tia,
1462 3420 1519 3463 ut
1542 3430 1655 3463 ecce
1681 3430 1810 3476 quae
1834 3418 1975 3464 vetat
2007 3416 2075 3462 ali
2108 3415 2426 3473 filios‚natos

1350 3502 1411 3534 ex
1426 3489 1666 3534 damnato
1685 3489 1822 3534 coitu
1842 3486 2018 3544 (Auth.
2033 3488 2118 3534 Eae
2139 3487 2426 3545 Comptemu
2485 3515 2493 3525 ι
2543 3483 2545 3485 ’

1348 3560 1400 3608 C.
1427 3561 1503 3607 De
1527 3562 1710 3607 Incest.
1734 3560 1927 3617 nupt.);
1951 3558 2031 3604 vel
2054 3556 2106 3601 2⁰
2125 3556 2188 3604 ob
2211 3565 2426 3604 concur·

1348 3644 1464 3677 sum
1498 3630 1711 3676 alterius
1743 3630 1892 3690 legis,
1923 3632 2048 3690 puta
2086 3628 2133 3675 si
2175 3626 2257 3674 die
2288 3627 2424 3675 festo

1349 3715 1553 3749 sacrum
1570 3701 1802 3749 omiseris
1820 3702 1878 3747 ut
1892 3701 2094 3760 praesto
2116 3710 2255 3745 esses
2277 3697 2422 3747 infir·
2435 3702 2502 3759 {sss-
