<?xml version="1.0" encoding="UTF-8"?>
<!DOCTYPE html PUBLIC "-//W3C//DTD XHTML 1.0 Transitional//EN"
    "http://www.w3.org/TR/xhtml1/DTD/xhtml1-transitional.dtd">
<html xmlns="http://www.w3.org/1999/xhtml" xml:lang="en" lang="en">
 <head>
  <title>
</title>
<meta http-equiv="Content-Type" content="text/html;charset=utf-8" />
  <meta name='ocr-system' content='tesseract 3.04.00' />
  <meta name='ocr-capabilities' content='ocr_page ocr_carea ocr_par ocr_line ocrx_word'/>
</head>
<body>
  <div class='ocr_page' id='page_1' title='image "./summulatheologia01anni_0214.png"; bbox 0 0 2548 4042; ppageno 0'>
   <div class='ocr_carea' id='block_1_1' title="bbox 145 0 2498 183">
    <p class='ocr_par' dir='ltr' id='par_1_1' title="bbox 145 0 2498 183">
     <span class='ocr_line' id='line_1_1' title="bbox 145 0 2498 96; baseline -0.001 -19"><span class='ocrx_word' id='word_1_1' title='bbox 145 21 304 77; x_wconf 76' lang='lat' dir='ltr'>facit.</span> <span class='ocrx_word' id='word_1_2' title='bbox 334 19 397 75; x_wconf 87' lang='lat' dir='ltr'>Si</span> <span class='ocrx_word' id='word_1_3' title='bbox 429 35 550 75; x_wconf 86' lang='lat' dir='ltr'>rem</span> <span class='ocrx_word' id='word_1_4' title='bbox 576 21 775 73; x_wconf 75' lang='lat' dir='ltr'>malam</span> <span class='ocrx_word' id='word_1_5' title='bbox 804 18 960 82; x_wconf 79' lang='lat' dir='ltr'>facit,</span> <span class='ocrx_word' id='word_1_6' title='bbox 988 33 1121 74; x_wconf 85' lang='lat' dir='ltr'>eum</span> <span class='ocrx_word' id='word_1_7' title='bbox 1150 33 1396 88; x_wconf 79' lang='lat' dir='ltr'>peccare</span> <span class='ocrx_word' id='word_1_8' title='bbox 1426 18 1619 89; x_wconf 78' lang='lat' dir='ltr'>palam</span> <span class='ocrx_word' id='word_1_9' title='bbox 1648 21 1764 83; x_wconf 64' lang='grc' dir='ltr'>θεῖς</span> <span class='ocrx_word' id='word_1_10' title='bbox 1811 23 1876 76; x_wconf 84' lang='lat' dir='ltr'>ut</span> <span class='ocrx_word' id='word_1_11' title='bbox 1905 25 2048 92; x_wconf 81' lang='lat' dir='ltr'>puta</span> <span class='ocrx_word' id='word_1_12' title='bbox 2085 22 2135 81; x_wconf 83' lang='lat' dir='ltr'>si</span> <span class='ocrx_word' id='word_1_13' title='bbox 2174 0 2403 96; x_wconf 44' lang='lat' dir='ltr'>mulie}</span> <span class='ocrx_word' id='word_1_14' title='bbox 2439 44 2468 75; x_wconf 51' lang='lat' dir='ltr'>x,</span> <span class='ocrx_word' id='word_1_15' title='bbox 2493 79 2498 86; x_wconf 69' lang='grc'>,</span> 
     </span>
     <span class='ocr_line' id='line_1_2' title="bbox 146 105 2487 183; baseline 0.002 -18"><span class='ocrx_word' id='word_1_16' title='bbox 146 111 334 165; x_wconf 85' lang='lat' dir='ltr'>nubat</span> <span class='ocrx_word' id='word_1_17' title='bbox 373 108 553 170; x_wconf 80' lang='lat' dir='ltr'>affini,</span> <span class='ocrx_word' id='word_1_18' title='bbox 581 115 684 163; x_wconf 87' lang='lat' dir='ltr'>aut</span> <span class='ocrx_word' id='word_1_19' title='bbox 713 108 996 163; x_wconf 84' lang='lat' dir='ltr'>diaconus</span> <span class='ocrx_word' id='word_1_20' title='bbox 1038 107 1272 163; x_wconf 84' lang='lat' dir='ltr'>missam</span> <span class='ocrx_word' id='word_1_21' title='bbox 1315 109 1607 172; x_wconf 84' lang='lat' dir='ltr'>celebret;</span> <span class='ocrx_word' id='word_1_22' title='bbox 1637 105 1699 166; x_wconf 86' lang='lat' dir='ltr'>et</span> <span class='ocrx_word' id='word_1_23' title='bbox 1741 110 1848 167; x_wconf 86' lang='lat' dir='ltr'>hoc</span> <span class='ocrx_word' id='word_1_24' title='bbox 1887 113 2230 183; x_wconf 83' lang='lat' dir='ltr'>expeditum</span> <span class='ocrx_word' id='word_1_25' title='bbox 2271 110 2403 181; x_wconf 59' lang='lat' dir='ltr'>esti*</span> <span class='ocrx_word' id='word_1_26' title='bbox 2439 129 2487 179; x_wconf 57' lang='grc' dir='ltr'>«ὴ</span> 
     </span>
    </p>
   </div>
   <div class='ocr_carea' id='block_1_2' title="bbox 145 199 2398 271">
    <p class='ocr_par' dir='ltr' id='par_1_2' title="bbox 145 199 2398 271">
     <span class='ocr_line' id='line_1_3' title="bbox 145 199 2398 271; baseline 0.003 -18"><span class='ocrx_word' id='word_1_27' title='bbox 145 199 470 253; x_wconf 83' lang='lat' dir='ltr'>tenendum</span> <span class='ocrx_word' id='word_1_28' title='bbox 509 203 710 252; x_wconf 84' lang='lat' dir='ltr'>autem</span> <span class='ocrx_word' id='word_1_29' title='bbox 753 203 862 259; x_wconf 86' lang='lat' dir='ltr'>est.</span> <span class='ocrx_word' id='word_1_30' title='bbox 903 213 1028 253; x_wconf 89' lang='lat' dir='ltr'>rem</span> <span class='ocrx_word' id='word_1_31' title='bbox 1076 213 1207 254; x_wconf 86' lang='lat' dir='ltr'>esse</span> <span class='ocrx_word' id='word_1_32' title='bbox 1249 199 1481 261; x_wconf 84' lang='lat' dir='ltr'>malam,</span> <span class='ocrx_word' id='word_1_33' title='bbox 1526 199 1574 255; x_wconf 90' lang='lat' dir='ltr'>si</span> <span class='ocrx_word' id='word_1_34' title='bbox 1619 200 1718 255; x_wconf 86' lang='lat' dir='ltr'>lex</span> <span class='ocrx_word' id='word_1_35' title='bbox 1760 201 1964 271; x_wconf 85' lang='lat' dir='ltr'>poenis</span> <span class='ocrx_word' id='word_1_36' title='bbox 2005 202 2063 259; x_wconf 88' lang='lat' dir='ltr'>in</span> <span class='ocrx_word' id='word_1_37' title='bbox 2106 203 2398 260; x_wconf 68' lang='lat' dir='ltr'>facientes</span> 
     </span>
    </p>
   </div>
   <div class='ocr_carea' id='block_1_3' title="bbox 146 287 2396 363">
    <p class='ocr_par' dir='ltr' id='par_1_3' title="bbox 146 287 2522 363">
     <span class='ocr_line' id='line_1_4' title="bbox 146 287 2396 363; baseline 0.004 -20"><span class='ocrx_word' id='word_1_38' title='bbox 146 288 586 343; x_wconf 84' lang='lat' dir='ltr'>animadvertit.</span> <span class='ocrx_word' id='word_1_39' title='bbox 628 288 683 342; x_wconf 91' lang='lat' dir='ltr'>Si</span> <span class='ocrx_word' id='word_1_40' title='bbox 726 290 1047 350; x_wconf 73' lang='lat' dir='ltr'>damnosam,</span> <span class='ocrx_word' id='word_1_41' title='bbox 1090 287 1380 359; x_wconf 86' lang='lat' dir='ltr'>siqnidem</span> <span class='ocrx_word' id='word_1_42' title='bbox 1410 289 1564 354; x_wconf 82' lang='lat' dir='ltr'>aliis,</span> <span class='ocrx_word' id='word_1_43' title='bbox 1595 291 1790 359; x_wconf 86' lang='lat' dir='ltr'>procul</span> <span class='ocrx_word' id='word_1_44' title='bbox 1823 290 1999 347; x_wconf 86' lang='lat' dir='ltr'>dubio</span> <span class='ocrx_word' id='word_1_45' title='bbox 2028 299 2257 363; x_wconf 64' lang='lat' dir='ltr'>peccam</span> <span class='ocrx_word' id='word_1_46' title='bbox 2285 308 2396 352; x_wconf 79' lang='lat' dir='ltr'>seu</span> 
     </span>
    </p>
   </div>
   <div class='ocr_carea' id='block_1_4' title="bbox 137 376 2396 899">
    <p class='ocr_par' dir='ltr' id='par_1_4' title="bbox 137 376 2396 724">
     <span class='ocr_line' id='line_1_5' title="bbox 137 376 2396 455; baseline 0.003 -23"><span class='ocrx_word' id='word_1_47' title='bbox 137 376 394 447; x_wconf 85' lang='lat' dir='ltr'>justitia,</span> <span class='ocrx_word' id='word_1_48' title='bbox 424 392 528 432; x_wconf 90' lang='lat' dir='ltr'>seu</span> <span class='ocrx_word' id='word_1_49' title='bbox 558 377 775 432; x_wconf 84' lang='lat' dir='ltr'>caritas</span> <span class='ocrx_word' id='word_1_50' title='bbox 806 382 967 433; x_wconf 85' lang='lat' dir='ltr'>vetet</span> <span class='ocrx_word' id='word_1_51' title='bbox 995 378 1271 433; x_wconf 82' lang='lat' dir='ltr'>damnum</span> <span class='ocrx_word' id='word_1_52' title='bbox 1317 379 1642 449; x_wconf 82' lang='lat' dir='ltr'>hujusmodi</span> <span class='ocrx_word' id='word_1_53' title='bbox 1690 378 1837 451; x_wconf 86' lang='lat'>(14);</span> <span class='ocrx_word' id='word_1_54' title='bbox 1880 397 2067 455; x_wconf 80' lang='lat' dir='ltr'>eoque</span> <span class='ocrx_word' id='word_1_55' title='bbox 2108 383 2315 450; x_wconf 72' lang='lat' dir='ltr'>magis.</span> <span class='ocrx_word' id='word_1_56' title='bbox 2344 382 2396 440; x_wconf 85' lang='lat' dir='ltr'>si</span> 
     </span>
     <span class='ocr_line' id='line_1_6' title="bbox 145 466 2394 543; baseline 0.004 -24"><span class='ocrx_word' id='word_1_57' title='bbox 145 466 533 534; x_wconf 79' lang='lat' dir='ltr'>reipublicae,</span> <span class='ocrx_word' id='word_1_58' title='bbox 589 467 680 521; x_wconf 87' lang='lat' dir='ltr'>vel</span> <span class='ocrx_word' id='word_1_59' title='bbox 727 468 1000 536; x_wconf 82' lang='lat' dir='ltr'>religioni</span> <span class='ocrx_word' id='word_1_60' title='bbox 1047 484 1256 523; x_wconf 80' lang='lat' dir='ltr'>nocere</span> <span class='ocrx_word' id='word_1_61' title='bbox 1300 469 1480 538; x_wconf 85' lang='lat' dir='ltr'>possit</span> <span class='ocrx_word' id='word_1_62' title='bbox 1526 467 1668 539; x_wconf 84' lang='lat'>(15):</span> <span class='ocrx_word' id='word_1_63' title='bbox 1718 470 1806 524; x_wconf 88' lang='lat' dir='ltr'>siu</span> <span class='ocrx_word' id='word_1_64' title='bbox 1861 470 2126 542; x_wconf 86' lang='lat' dir='ltr'>ipsismet</span> <span class='ocrx_word' id='word_1_65' title='bbox 2178 473 2275 543; x_wconf 83' lang='lat' dir='ltr'>qui</span> <span class='ocrx_word' id='word_1_66' title='bbox 2334 472 2394 529; x_wconf 82' lang='lat' dir='ltr'>id</span> 
     </span>
     <span class='ocr_line' id='line_1_7' title="bbox 145 556 2390 627; baseline 0.004 -17"><span class='ocrx_word' id='word_1_67' title='bbox 145 561 338 624; x_wconf 81' lang='lat' dir='ltr'>agunt</span> <span class='ocrx_word' id='word_1_68' title='bbox 382 572 493 609; x_wconf 87' lang='lat' dir='ltr'>non</span> <span class='ocrx_word' id='word_1_69' title='bbox 540 556 700 619; x_wconf 88' lang='lat' dir='ltr'>item,</span> <span class='ocrx_word' id='word_1_70' title='bbox 730 562 792 612; x_wconf 90' lang='lat' dir='ltr'>et</span> <span class='ocrx_word' id='word_1_71' title='bbox 833 558 1068 627; x_wconf 84' lang='lat' dir='ltr'>planum</span> <span class='ocrx_word' id='word_1_72' title='bbox 1111 564 1225 620; x_wconf 76' lang='lat' dir='ltr'>est:</span> <span class='ocrx_word' id='word_1_73' title='bbox 1256 560 1355 613; x_wconf 73' lang='lat' dir='ltr'>secl</span> <span class='ocrx_word' id='word_1_74' title='bbox 1401 574 1521 613; x_wconf 89' lang='lat' dir='ltr'>rem</span> <span class='ocrx_word' id='word_1_75' title='bbox 1567 564 1796 614; x_wconf 84' lang='lat' dir='ltr'>tantum</span> <span class='ocrx_word' id='word_1_76' title='bbox 1841 560 2107 617; x_wconf 88' lang='lat' dir='ltr'>inutilem</span> <span class='ocrx_word' id='word_1_77' title='bbox 2147 563 2390 627; x_wconf 82' lang='lat' dir='ltr'>faciunt,</span> 
     </span>
     <span class='ocr_line' id='line_1_8' title="bbox 145 644 2390 724; baseline 0.004 -26"><span class='ocrx_word' id='word_1_78' title='bbox 145 644 469 707; x_wconf 82' lang='lat' dir='ltr'>dummodo,</span> <span class='ocrx_word' id='word_1_79' title='bbox 503 649 549 700; x_wconf 88' lang='lat' dir='ltr'>si</span> <span class='ocrx_word' id='word_1_80' title='bbox 583 662 676 701; x_wconf 86' lang='lat' dir='ltr'>res</span> <span class='ocrx_word' id='word_1_81' title='bbox 707 648 864 702; x_wconf 84' lang='lat' dir='ltr'>inter</span> <span class='ocrx_word' id='word_1_82' title='bbox 904 649 1048 703; x_wconf 87' lang='lat' dir='ltr'>duos</span> <span class='ocrx_word' id='word_1_83' title='bbox 1088 651 1310 718; x_wconf 80' lang='lat' dir='ltr'>agitur,</span> <span class='ocrx_word' id='word_1_84' title='bbox 1344 665 1494 703; x_wconf 87' lang='lat' dir='ltr'>unus</span> <span class='ocrx_word' id='word_1_85' title='bbox 1533 650 1786 704; x_wconf 83' lang='lat' dir='ltr'>alterum</span> <span class='ocrx_word' id='word_1_86' title='bbox 1820 666 1927 704; x_wconf 91' lang='lat' dir='ltr'>non</span> <span class='ocrx_word' id='word_1_87' title='bbox 1969 652 2222 722; x_wconf 83' lang='lat' dir='ltr'>decipiat</span> <span class='ocrx_word' id='word_1_88' title='bbox 2248 649 2390 724; x_wconf 84' lang='lat'>(16).</span> 
     </span>
    </p>

    <p class='ocr_par' dir='ltr' id='par_1_5' title="bbox 148 736 2392 899">
     <span class='ocr_line' id='line_1_9' title="bbox 220 736 2392 811; baseline 0.004 -22"><span class='ocrx_word' id='word_1_89' title='bbox 220 736 350 790; x_wconf 83' lang='lat'>216.</span> <span class='ocrx_word' id='word_1_90' title='bbox 380 736 590 792; x_wconf 87' lang='lat' dir='ltr'>Restat</span> <span class='ocrx_word' id='word_1_91' title='bbox 625 743 686 791; x_wconf 89' lang='lat' dir='ltr'>ut</span> <span class='ocrx_word' id='word_1_92' title='bbox 719 739 1020 793; x_wconf 74' lang='lat' dir='ltr'>videamus</span> <span class='ocrx_word' id='word_1_93' title='bbox 1052 740 1106 792; x_wconf 86' lang='lat' dir='ltr'>iu</span> <span class='ocrx_word' id='word_1_94' title='bbox 1139 754 1251 809; x_wconf 86' lang='lat' dir='ltr'>qno</span> <span class='ocrx_word' id='word_1_95' title='bbox 1283 740 1448 807; x_wconf 78' lang='lat' dir='ltr'>leges</span> <span class='ocrx_word' id='word_1_96' title='bbox 1482 740 1803 809; x_wconf 73' lang='lat' dir='ltr'>hujusmodi</span> <span class='ocrx_word' id='word_1_97' title='bbox 1837 741 2062 795; x_wconf 86' lang='lat' dir='ltr'>distent</span> <span class='ocrx_word' id='word_1_98' title='bbox 2090 757 2126 796; x_wconf 85' lang='lat' dir='ltr'>a</span> <span class='ocrx_word' id='word_1_99' title='bbox 2155 741 2392 811; x_wconf 75' lang='lat' dir='ltr'>legibus</span> 
     </span>
     <span class='ocr_line' id='line_1_10' title="bbox 148 825 2391 899; baseline 0.003 -19"><span class='ocrx_word' id='word_1_100' title='bbox 148 825 379 881; x_wconf 73' lang='lat' dir='ltr'>ceteris</span> <span class='ocrx_word' id='word_1_101' title='bbox 416 826 705 897; x_wconf 83' lang='lat' dir='ltr'>Principio</span> <span class='ocrx_word' id='word_1_102' title='bbox 744 828 926 895; x_wconf 79' lang='lat' dir='ltr'>igitur</span> <span class='ocrx_word' id='word_1_103' title='bbox 969 845 1079 882; x_wconf 85' lang='lat' dir='ltr'>non</span> <span class='ocrx_word' id='word_1_104' title='bbox 1128 829 1359 898; x_wconf 79' lang='lat' dir='ltr'>prodest</span> <span class='ocrx_word' id='word_1_105' title='bbox 1403 830 1458 883; x_wconf 90' lang='lat' dir='ltr'>in</span> <span class='ocrx_word' id='word_1_106' title='bbox 1505 829 1594 883; x_wconf 85' lang='lat' dir='ltr'>bis</span> <span class='ocrx_word' id='word_1_107' title='bbox 1637 829 1869 898; x_wconf 82' lang='lat' dir='ltr'>legibus</span> <span class='ocrx_word' id='word_1_108' title='bbox 1906 830 2242 899; x_wconf 84' lang='lat' dir='ltr'>ignorantia</span> <span class='ocrx_word' id='word_1_109' title='bbox 2284 845 2391 890; x_wconf 84' lang='lat' dir='ltr'>seu</span> 
     </span>
    </p>
   </div>
   <div class='ocr_carea' id='block_1_5' title="bbox 149 916 2401 990">
    <p class='ocr_par' dir='ltr' id='par_1_6' title="bbox 149 916 2401 990">
     <span class='ocr_line' id='line_1_11' title="bbox 149 916 2401 990; baseline 0 -20"><span class='ocrx_word' id='word_1_110' title='bbox 149 916 310 979; x_wconf 82' lang='lat' dir='ltr'>sacti,</span> <span class='ocrx_word' id='word_1_111' title='bbox 340 916 478 986; x_wconf 89' lang='lat' dir='ltr'>quia</span> <span class='ocrx_word' id='word_1_112' title='bbox 519 918 661 971; x_wconf 86' lang='lat' dir='ltr'>nibil</span> <span class='ocrx_word' id='word_1_113' title='bbox 710 921 897 972; x_wconf 83' lang='lat' dir='ltr'>mutat</span> <span class='ocrx_word' id='word_1_114' title='bbox 943 919 1276 986; x_wconf 80' lang='lat' dir='ltr'>ignorantia</span> <span class='ocrx_word' id='word_1_115' title='bbox 1308 919 1609 982; x_wconf 49' lang='lat' dir='ltr'>mosenum</span> <span class='ocrx_word' id='word_1_116' title='bbox 1652 934 1755 973; x_wconf 89' lang='lat' dir='ltr'>sen</span> <span class='ocrx_word' id='word_1_117' title='bbox 1789 919 1962 989; x_wconf 90' lang='lat' dir='ltr'>juris,</span> <span class='ocrx_word' id='word_1_118' title='bbox 1996 920 2147 990; x_wconf 87' lang='lat' dir='ltr'>quod</span> <span class='ocrx_word' id='word_1_119' title='bbox 2186 921 2401 975; x_wconf 60' lang='grc' dir='ltr'>ἐπάνω..</span> 
     </span>
    </p>
   </div>
   <div class='ocr_carea' id='block_1_6' title="bbox 140 1008 2393 1259">
    <p class='ocr_par' dir='ltr' id='par_1_7' title="bbox 140 1008 2393 1259">
     <span class='ocr_line' id='line_1_12' title="bbox 140 1008 2390 1083; baseline 0.002 -23"><span class='ocrx_word' id='word_1_120' title='bbox 140 1012 314 1060; x_wconf 77' lang='lat' dir='ltr'>tatum</span> <span class='ocrx_word' id='word_1_121' title='bbox 353 1012 429 1059; x_wconf 76' lang='lat' dir='ltr'>esc</span> <span class='ocrx_word' id='word_1_122' title='bbox 465 1009 608 1076; x_wconf 81' lang='lat' dir='ltr'>apud</span> <span class='ocrx_word' id='word_1_123' title='bbox 645 1025 817 1061; x_wconf 79' lang='lat' dir='ltr'>omnes</span> <span class='ocrx_word' id='word_1_124' title='bbox 855 1010 983 1076; x_wconf 83' lang='lat'>(17).</span> <span class='ocrx_word' id='word_1_125' title='bbox 1033 1009 1247 1062; x_wconf 78' lang='lat' dir='ltr'>Deinde</span> <span class='ocrx_word' id='word_1_126' title='bbox 1281 1009 1497 1063; x_wconf 83' lang='lat' dir='ltr'>nullam</span> <span class='ocrx_word' id='word_1_127' title='bbox 1541 1010 1866 1079; x_wconf 78' lang='lat' dir='ltr'>epioliejain</span> <span class='ocrx_word' id='word_1_128' title='bbox 1913 1009 2204 1078; x_wconf 84' lang='lat' dir='ltr'>recipiunt</span> <span class='ocrx_word' id='word_1_129' title='bbox 2247 1008 2390 1083; x_wconf 89' lang='lat'>(18);</span> 
     </span>
     <span class='ocr_line' id='line_1_13' title="bbox 142 1097 2393 1168; baseline 0.001 -18"><span class='ocrx_word' id='word_1_130' title='bbox 142 1099 327 1165; x_wconf 82' lang='lat' dir='ltr'>atque</span> <span class='ocrx_word' id='word_1_131' title='bbox 358 1097 487 1150; x_wconf 87' lang='lat' dir='ltr'>ideo</span> <span class='ocrx_word' id='word_1_132' title='bbox 518 1098 737 1152; x_wconf 85' lang='lat' dir='ltr'>nullum</span> <span class='ocrx_word' id='word_1_133' title='bbox 776 1100 1214 1159; x_wconf 70' lang='lat' dir='ltr'>incommodum.</span> <span class='ocrx_word' id='word_1_134' title='bbox 1239 1114 1309 1151; x_wconf 90' lang='lat' dir='ltr'>ne</span> <span class='ocrx_word' id='word_1_135' title='bbox 1335 1099 1749 1166; x_wconf 83' lang='lat' dir='ltr'>gravissimum</span> <span class='ocrx_word' id='word_1_136' title='bbox 1775 1099 2030 1168; x_wconf 80' lang='lat' dir='ltr'>quidem,</span> <span class='ocrx_word' id='word_1_137' title='bbox 2053 1102 2128 1154; x_wconf 86' lang='lat' dir='ltr'>ab</span> <span class='ocrx_word' id='word_1_138' title='bbox 2158 1098 2247 1154; x_wconf 86' lang='lat' dir='ltr'>eis</span> <span class='ocrx_word' id='word_1_139' title='bbox 2274 1113 2393 1155; x_wconf 84' lang='lat' dir='ltr'>ser-</span> 
     </span>
     <span class='ocr_line' id='line_1_14' title="bbox 143 1186 2390 1259; baseline 0.002 -19"><span class='ocrx_word' id='word_1_140' title='bbox 143 1186 353 1240; x_wconf 78' lang='lat' dir='ltr'>vandis</span> <span class='ocrx_word' id='word_1_141' title='bbox 394 1194 639 1241; x_wconf 82' lang='lat' dir='ltr'>excusat</span> <span class='ocrx_word' id='word_1_142' title='bbox 682 1186 809 1256; x_wconf 88' lang='lat'>(19).</span> <span class='ocrx_word' id='word_1_143' title='bbox 857 1189 1091 1250; x_wconf 86' lang='lat' dir='ltr'>Verum,</span> <span class='ocrx_word' id='word_1_144' title='bbox 1133 1189 1320 1258; x_wconf 82' lang='lat' dir='ltr'>quoad</span> <span class='ocrx_word' id='word_1_145' title='bbox 1368 1189 1531 1257; x_wconf 84' lang='lat' dir='ltr'>leges</span> <span class='ocrx_word' id='word_1_146' title='bbox 1580 1192 1908 1252; x_wconf 74' lang='lat' dir='ltr'>canonicaS,</span> <span class='ocrx_word' id='word_1_147' title='bbox 1959 1190 2257 1259; x_wconf 72' lang='lat' dir='ltr'>probabile</span> <span class='ocrx_word' id='word_1_148' title='bbox 2298 1192 2390 1245; x_wconf 84' lang='lat' dir='ltr'>est</span> 
     </span>
    </p>
   </div>
   <div class='ocr_carea' id='block_1_7' title="bbox 139 1274 2393 1437">
    <p class='ocr_par' dir='ltr' id='par_1_8' title="bbox 139 1274 2393 1437">
     <span class='ocr_line' id='line_1_15' title="bbox 139 1274 2393 1347; baseline 0.003 -18"><span class='ocrx_word' id='word_1_149' title='bbox 139 1274 227 1330; x_wconf 83' lang='lat' dir='ltr'>ait</span> <span class='ocrx_word' id='word_1_150' title='bbox 255 1275 308 1328; x_wconf 90' lang='lat' dir='ltr'>S.</span> <span class='ocrx_word' id='word_1_151' title='bbox 339 1275 507 1345; x_wconf 79' lang='lat' dir='ltr'>Alph.</span> <span class='ocrx_word' id='word_1_152' title='bbox 535 1275 650 1346; x_wconf 78' lang='lat'>(20)</span> <span class='ocrx_word' id='word_1_153' title='bbox 684 1292 785 1331; x_wconf 85' lang='lat' dir='ltr'>eas</span> <span class='ocrx_word' id='word_1_154' title='bbox 815 1292 888 1331; x_wconf 83' lang='lat' dir='ltr'>ex</span> <span class='ocrx_word' id='word_1_155' title='bbox 928 1286 1299 1346; x_wconf 80' lang='lat' dir='ltr'>praesumpta</span> <span class='ocrx_word' id='word_1_156' title='bbox 1329 1280 1633 1332; x_wconf 80' lang='lat' dir='ltr'>voluntate</span> <span class='ocrx_word' id='word_1_157' title='bbox 1666 1278 2040 1347; x_wconf 75' lang='lat' dir='ltr'>legislatoris,</span> <span class='ocrx_word' id='word_1_158' title='bbox 2065 1294 2178 1334; x_wconf 86' lang='lat' dir='ltr'>non</span> <span class='ocrx_word' id='word_1_159' title='bbox 2209 1283 2393 1335; x_wconf 79' lang='lat' dir='ltr'>antea</span> 
     </span>
     <span class='ocr_line' id='line_1_16' title="bbox 141 1364 2159 1437; baseline 0.001 -17"><span class='ocrx_word' id='word_1_160' title='bbox 141 1364 410 1434; x_wconf 84' lang='lat' dir='ltr'>obligare</span> <span class='ocrx_word' id='word_1_161' title='bbox 440 1381 614 1435; x_wconf 85' lang='lat' dir='ltr'>quam</span> <span class='ocrx_word' id='word_1_162' title='bbox 643 1366 779 1420; x_wconf 87' lang='lat' dir='ltr'>sciri</span> <span class='ocrx_word' id='word_1_163' title='bbox 819 1369 895 1422; x_wconf 84' lang='lat' dir='ltr'>ab</span> <span class='ocrx_word' id='word_1_164' title='bbox 935 1368 1203 1421; x_wconf 84' lang='lat' dir='ltr'>omnibus</span> <span class='ocrx_word' id='word_1_165' title='bbox 1245 1369 1564 1437; x_wconf 87' lang='lat' dir='ltr'>potuerint.</span> <span class='ocrx_word' id='word_1_166' title='bbox 1594 1369 1702 1423; x_wconf 85' lang='lat' dir='ltr'>Sed</span> <span class='ocrx_word' id='word_1_167' title='bbox 1746 1370 1812 1422; x_wconf 94' lang='lat' dir='ltr'>V.</span> <span class='ocrx_word' id='word_1_168' title='bbox 1854 1370 1890 1436; x_wconf 66' lang='lat' dir='ltr'>g</span> <span class='ocrx_word' id='word_1_169' title='bbox 1917 1369 2045 1432; x_wconf 80' lang='lat'>202,</span> <span class='ocrx_word' id='word_1_170' title='bbox 2067 1369 2159 1424; x_wconf 81' lang='lat'>22.</span> 
     </span>
    </p>
   </div>
   <div class='ocr_carea' id='block_1_8' title="bbox 139 1580 1223 3483">
    <p class='ocr_par' dir='ltr' id='par_1_9' title="bbox 139 1580 1223 2268">
     <span class='ocr_line' id='line_1_17' title="bbox 211 1580 1221 1642; baseline 0.003 -18"><span class='ocrx_word' id='word_1_171' title='bbox 211 1580 265 1624; x_wconf 76' lang='lat'>14</span> <span class='ocrx_word' id='word_1_172' title='bbox 300 1580 372 1629; x_wconf 83' lang='lat' dir='ltr'>Cf.</span> <span class='ocrx_word' id='word_1_173' title='bbox 408 1580 551 1628; x_wconf 85' lang='lat' dir='ltr'>Suar.</span> <span class='ocrx_word' id='word_1_174' title='bbox 586 1581 692 1628; x_wconf 91' lang='lat' dir='ltr'>Lib.</span> <span class='ocrx_word' id='word_1_175' title='bbox 717 1580 778 1634; x_wconf 92' lang='lat' dir='ltr'>V,</span> <span class='ocrx_word' id='word_1_176' title='bbox 799 1582 918 1642; x_wconf 84' lang='lat' dir='ltr'>Cap.</span> <span class='ocrx_word' id='word_1_177' title='bbox 954 1582 1024 1634; x_wconf 73' lang='lat'>20,</span> <span class='ocrx_word' id='word_1_178' title='bbox 1051 1596 1080 1627; x_wconf 87' lang='lat' dir='ltr'>a</span> <span class='ocrx_word' id='word_1_179' title='bbox 1109 1596 1155 1628; x_wconf 90' lang='lat' dir='ltr'>n.</span> <span class='ocrx_word' id='word_1_180' title='bbox 1180 1585 1221 1627; x_wconf 83' lang='lat'>4.</span> 
     </span>
     <span class='ocr_line' id='line_1_18' title="bbox 144 1651 1219 1714; baseline -0.001 -15"><span class='ocrx_word' id='word_1_181' title='bbox 144 1655 431 1699; x_wconf 79' lang='lat' dir='ltr'>Justitiam.</span> <span class='ocrx_word' id='word_1_182' title='bbox 462 1651 519 1697; x_wconf 90' lang='lat' dir='ltr'>V.</span> <span class='ocrx_word' id='word_1_183' title='bbox 543 1666 600 1707; x_wconf 86' lang='lat' dir='ltr'>c.,</span> <span class='ocrx_word' id='word_1_184' title='bbox 623 1652 667 1698; x_wconf 87' lang='lat' dir='ltr'>si</span> <span class='ocrx_word' id='word_1_185' title='bbox 694 1654 812 1712; x_wconf 89' lang='lat' dir='ltr'>quis</span> <span class='ocrx_word' id='word_1_186' title='bbox 846 1653 1032 1702; x_wconf 83' lang='lat' dir='ltr'>vendat</span> <span class='ocrx_word' id='word_1_187' title='bbox 1064 1667 1219 1714; x_wconf 87' lang='lat' dir='ltr'>penes</span> 
     </span>
     <span class='ocr_line' id='line_1_19' title="bbox 146 1724 1218 1785; baseline 0.001 -15"><span class='ocrx_word' id='word_1_188' title='bbox 146 1738 255 1776; x_wconf 87' lang='lat' dir='ltr'>uos,</span> <span class='ocrx_word' id='word_1_189' title='bbox 274 1726 389 1771; x_wconf 68' lang='lat' dir='ltr'>sine</span> <span class='ocrx_word' id='word_1_190' title='bbox 405 1727 631 1782; x_wconf 77' lang='lat' dir='ltr'>scriptis,</span> <span class='ocrx_word' id='word_1_191' title='bbox 651 1724 912 1784; x_wconf 77' lang='lat' dir='ltr'>praedium</span> <span class='ocrx_word' id='word_1_192' title='bbox 927 1725 1059 1785; x_wconf 84' lang='lat' dir='ltr'>juris</span> <span class='ocrx_word' id='word_1_193' title='bbox 1078 1726 1218 1782; x_wconf 85' lang='lat' dir='ltr'>igna-</span> 
     </span>
     <span class='ocr_line' id='line_1_20' title="bbox 145 1796 1223 1855; baseline 0.001 -15"><span class='ocrx_word' id='word_1_194' title='bbox 145 1809 232 1852; x_wconf 91' lang='lat' dir='ltr'>ro;</span> <span class='ocrx_word' id='word_1_195' title='bbox 279 1797 323 1841; x_wconf 87' lang='lat' dir='ltr'>si</span> <span class='ocrx_word' id='word_1_196' title='bbox 372 1797 619 1846; x_wconf 88' lang='lat' dir='ltr'>notarius,</span> <span class='ocrx_word' id='word_1_197' title='bbox 661 1798 1021 1855; x_wconf 67' lang='lat' dir='ltr'>praetermissa</span> <span class='ocrx_word' id='word_1_198' title='bbox 1062 1796 1223 1841; x_wconf 86' lang='lat' dir='ltr'>forma</span> 
     </span>
     <span class='ocr_line' id='line_1_21' title="bbox 139 1867 1218 1929; baseline -0.002 -16"><span class='ocrx_word' id='word_1_199' title='bbox 139 1868 291 1929; x_wconf 88' lang='lat' dir='ltr'>juris,</span> <span class='ocrx_word' id='word_1_200' title='bbox 335 1867 540 1927; x_wconf 80' lang='lat' dir='ltr'>aliquod</span> <span class='ocrx_word' id='word_1_201' title='bbox 590 1867 849 1927; x_wconf 86' lang='lat' dir='ltr'>publicum</span> <span class='ocrx_word' id='word_1_202' title='bbox 905 1869 1218 1912; x_wconf 88' lang='lat' dir='ltr'>instrumen-</span> 
     </span>
     <span class='ocr_line' id='line_1_22' title="bbox 146 1938 1221 1991; baseline -0.002 -6"><span class='ocrx_word' id='word_1_203' title='bbox 146 1944 277 1991; x_wconf 83' lang='lat' dir='ltr'>tum,</span> <span class='ocrx_word' id='word_1_204' title='bbox 305 1938 381 1984; x_wconf 88' lang='lat' dir='ltr'>vel</span> <span class='ocrx_word' id='word_1_205' title='bbox 407 1943 767 1984; x_wconf 85' lang='lat' dir='ltr'>testamentum</span> <span class='ocrx_word' id='word_1_206' title='bbox 799 1941 1098 1984; x_wconf 84' lang='lat' dir='ltr'>exaraverit.</span> <span class='ocrx_word' id='word_1_207' title='bbox 1128 1941 1221 1983; x_wconf 81' lang='lat' dir='ltr'>Ca-</span> 
     </span>
     <span class='ocr_line' id='line_1_23' title="bbox 148 2011 1216 2070; baseline -0.001 -15"><span class='ocrx_word' id='word_1_208' title='bbox 148 2011 397 2063; x_wconf 78' lang='lat' dir='ltr'>ritatem,·</span> <span class='ocrx_word' id='word_1_209' title='bbox 431 2013 491 2055; x_wconf 82' lang='lat' dir='ltr'>ut</span> <span class='ocrx_word' id='word_1_210' title='bbox 532 2015 658 2068; x_wconf 86' lang='lat' dir='ltr'>puta</span> <span class='ocrx_word' id='word_1_211' title='bbox 696 2011 738 2054; x_wconf 89' lang='lat' dir='ltr'>si</span> <span class='ocrx_word' id='word_1_212' title='bbox 777 2012 908 2070; x_wconf 84' lang='lat' dir='ltr'>quis,</span> <span class='ocrx_word' id='word_1_213' title='bbox 953 2023 1015 2054; x_wconf 84' lang='lat' dir='ltr'>ex</span> <span class='ocrx_word' id='word_1_214' title='bbox 1058 2013 1216 2056; x_wconf 86' lang='lat' dir='ltr'>testa·</span> 
     </span>
     <span class='ocr_line' id='line_1_24' title="bbox 150 2080 1221 2140; baseline -0.001 -15"><span class='ocrx_word' id='word_1_215' title='bbox 150 2085 320 2126; x_wconf 88' lang='lat' dir='ltr'>mento</span> <span class='ocrx_word' id='word_1_216' title='bbox 354 2094 449 2126; x_wconf 86' lang='lat' dir='ltr'>suo</span> <span class='ocrx_word' id='word_1_217' title='bbox 482 2094 580 2126; x_wconf 89' lang='lat' dir='ltr'>non</span> <span class='ocrx_word' id='word_1_218' title='bbox 617 2081 709 2126; x_wconf 78' lang='lat' dir='ltr'>rit-e</span> <span class='ocrx_word' id='word_1_219' title='bbox 743 2080 891 2130; x_wconf 81' lang='lat' dir='ltr'>facto,</span> <span class='ocrx_word' id='word_1_220' title='bbox 925 2081 1221 2140; x_wconf 87' lang='lat' dir='ltr'>praevideat</span> 
     </span>
     <span class='ocr_line' id='line_1_25' title="bbox 147 2151 1218 2203; baseline -0.001 -6"><span class='ocrx_word' id='word_1_221' title='bbox 147 2151 282 2203; x_wconf 85' lang='lat' dir='ltr'>lites,</span> <span class='ocrx_word' id='word_1_222' title='bbox 315 2152 453 2196; x_wconf 81' lang='lat' dir='ltr'>rixas</span> <span class='ocrx_word' id='word_1_223' title='bbox 489 2153 725 2202; x_wconf 82' lang='lat' dir='ltr'>orituras,</span> <span class='ocrx_word' id='word_1_224' title='bbox 759 2153 801 2196; x_wconf 87' lang='lat' dir='ltr'>si</span> <span class='ocrx_word' id='word_1_225' title='bbox 829 2166 857 2196; x_wconf 88' lang='lat' dir='ltr'>a</span> <span class='ocrx_word' id='word_1_226' title='bbox 891 2152 1087 2197; x_wconf 82' lang='lat' dir='ltr'>nemine</span> <span class='ocrx_word' id='word_1_227' title='bbox 1113 2165 1218 2196; x_wconf 89' lang='lat' dir='ltr'>coa-</span> 
     </span>
     <span class='ocr_line' id='line_1_26' title="bbox 149 2222 831 2268; baseline -0.001 0"><span class='ocrx_word' id='word_1_228' title='bbox 149 2226 266 2268; x_wconf 86' lang='lat' dir='ltr'>etus</span> <span class='ocrx_word' id='word_1_229' title='bbox 301 2226 663 2268; x_wconf 80' lang='lat' dir='ltr'>testamentum</span> <span class='ocrx_word' id='word_1_230' title='bbox 700 2222 831 2268; x_wconf 86' lang='lat' dir='ltr'>feeit.</span> 
     </span>
    </p>

    <p class='ocr_par' dir='ltr' id='par_1_10' title="bbox 146 2292 1221 2626">
     <span class='ocr_line' id='line_1_27' title="bbox 215 2292 1219 2352; baseline -0.001 -14"><span class='ocrx_word' id='word_1_231' title='bbox 215 2295 267 2338; x_wconf 84' lang='lat'>15</span> <span class='ocrx_word' id='word_1_232' title='bbox 300 2292 367 2338; x_wconf 89' lang='lat' dir='ltr'>Ut</span> <span class='ocrx_word' id='word_1_233' title='bbox 401 2306 513 2339; x_wconf 81' lang='lat' dir='ltr'>ecee</span> <span class='ocrx_word' id='word_1_234' title='bbox 538 2294 586 2338; x_wconf 90' lang='lat' dir='ltr'>in</span> <span class='ocrx_word' id='word_1_235' title='bbox 620 2293 978 2348; x_wconf 82' lang='lat' dir='ltr'>matrimoniis,</span> <span class='ocrx_word' id='word_1_236' title='bbox 1000 2296 1219 2352; x_wconf 89' lang='lat' dir='ltr'>praeter·</span> 
     </span>
     <span class='ocr_line' id='line_1_28' title="bbox 150 2364 1221 2424; baseline -0.002 -14"><span class='ocrx_word' id='word_1_237' title='bbox 150 2365 326 2410; x_wconf 86' lang='lat' dir='ltr'>missis</span> <span class='ocrx_word' id='word_1_238' title='bbox 359 2365 621 2409; x_wconf 84' lang='lat' dir='ltr'>solemniis</span> <span class='ocrx_word' id='word_1_239' title='bbox 651 2364 785 2424; x_wconf 89' lang='lat' dir='ltr'>juris</span> <span class='ocrx_word' id='word_1_240' title='bbox 808 2364 989 2412; x_wconf 76' lang='lat' dir='ltr'>civilis,</span> <span class='ocrx_word' id='word_1_241' title='bbox 1024 2369 1221 2409; x_wconf 83' lang='lat' dir='ltr'>contra·</span> 
     </span>
     <span class='ocr_line' id='line_1_29' title="bbox 149 2433 1219 2480; baseline -0.002 0"><span class='ocrx_word' id='word_1_242' title='bbox 149 2433 356 2480; x_wconf 71' lang='lat' dir='ltr'>hendisz</span> <span class='ocrx_word' id='word_1_243' title='bbox 376 2436 427 2479; x_wconf 92' lang='lat' dir='ltr'>in</span> <span class='ocrx_word' id='word_1_244' title='bbox 448 2434 778 2480; x_wconf 72' lang='lat' dir='ltr'>electionibus</span> <span class='ocrx_word' id='word_1_245' title='bbox 800 2435 860 2480; x_wconf 89' lang='lat' dir='ltr'>ad</span> <span class='ocrx_word' id='word_1_246' title='bbox 882 2435 1043 2480; x_wconf 80' lang='lat' dir='ltr'>officia</span> <span class='ocrx_word' id='word_1_247' title='bbox 1067 2433 1219 2480; x_wconf 86' lang='lat' dir='ltr'>ecele-</span> 
     </span>
     <span class='ocr_line' id='line_1_30' title="bbox 146 2504 1216 2563; baseline -0.002 -12"><span class='ocrx_word' id='word_1_248' title='bbox 146 2505 362 2551; x_wconf 77' lang='lat' dir='ltr'>siastica</span> <span class='ocrx_word' id='word_1_249' title='bbox 381 2505 622 2550; x_wconf 69' lang='lat' dir='ltr'>‹Trident</span> <span class='ocrx_word' id='word_1_250' title='bbox 642 2509 673 2549; x_wconf 70' lang='lat' dir='ltr'>N</span> <span class='ocrx_word' id='word_1_251' title='bbox 689 2509 720 2549; x_wconf 71' lang='grc' dir='ltr'>Χ</span> <span class='ocrx_word' id='word_1_252' title='bbox 734 2504 789 2556; x_wconf 91' lang='lat' dir='ltr'>V,</span> <span class='ocrx_word' id='word_1_253' title='bbox 811 2510 874 2550; x_wconf 84' lang='lat' dir='ltr'>De</span> <span class='ocrx_word' id='word_1_254' title='bbox 890 2508 1132 2562; x_wconf 71' lang='lat' dir='ltr'>Reyular.</span> <span class='ocrx_word' id='word_1_255' title='bbox 1148 2506 1216 2563; x_wconf 90' lang='lat'>6):</span> 
     </span>
     <span class='ocr_line' id='line_1_31' title="bbox 151 2575 1037 2626; baseline -0.003 -4"><span class='ocrx_word' id='word_1_256' title='bbox 151 2578 206 2622; x_wconf 87' lang='lat' dir='ltr'>in</span> <span class='ocrx_word' id='word_1_257' title='bbox 237 2576 505 2622; x_wconf 81' lang='lat' dir='ltr'>collat-ioue</span> <span class='ocrx_word' id='word_1_258' title='bbox 541 2575 912 2626; x_wconf 82' lang='lat' dir='ltr'>beneficiorum,</span> <span class='ocrx_word' id='word_1_259' title='bbox 945 2583 1037 2621; x_wconf 85' lang='lat' dir='ltr'>etc.</span> 
     </span>
    </p>

    <p class='ocr_par' dir='ltr' id='par_1_11' title="bbox 148 2646 1220 3201">
     <span class='ocr_line' id='line_1_32' title="bbox 214 2646 1220 2707; baseline -0.001 -15"><span class='ocrx_word' id='word_1_260' title='bbox 214 2648 269 2692; x_wconf 89' lang='lat'>16</span> <span class='ocrx_word' id='word_1_261' title='bbox 301 2646 366 2692; x_wconf 90' lang='lat' dir='ltr'>Ut</span> <span class='ocrx_word' id='word_1_262' title='bbox 398 2653 522 2707; x_wconf 86' lang='lat' dir='ltr'>puta</span> <span class='ocrx_word' id='word_1_263' title='bbox 545 2649 587 2693; x_wconf 87' lang='lat' dir='ltr'>si</span> <span class='ocrx_word' id='word_1_264' title='bbox 612 2648 728 2707; x_wconf 89' lang='lat' dir='ltr'>quis</span> <span class='ocrx_word' id='word_1_265' title='bbox 762 2647 914 2691; x_wconf 73' lang='lat' dir='ltr'>faeiat</span> <span class='ocrx_word' id='word_1_266' title='bbox 946 2650 1220 2691; x_wconf 86' lang='lat' dir='ltr'>testamen·</span> 
     </span>
     <span class='ocr_line' id='line_1_33' title="bbox 150 2716 1220 2774; baseline -0.001 -11"><span class='ocrx_word' id='word_1_267' title='bbox 150 2722 258 2764; x_wconf 88' lang='lat' dir='ltr'>tum</span> <span class='ocrx_word' id='word_1_268' title='bbox 294 2718 519 2763; x_wconf 89' lang='lat' dir='ltr'>nondum</span> <span class='ocrx_word' id='word_1_269' title='bbox 550 2731 672 2762; x_wconf 82' lang='lat' dir='ltr'>suae</span> <span class='ocrx_word' id='word_1_270' title='bbox 702 2719 899 2769; x_wconf 81' lang='lat' dir='ltr'>aet-atis,</span> <span class='ocrx_word' id='word_1_271' title='bbox 923 2716 1003 2762; x_wconf 89' lang='lat' dir='ltr'>vel</span> <span class='ocrx_word' id='word_1_272' title='bbox 1026 2716 1220 2774; x_wconf 85' lang='lat' dir='ltr'>ologra-</span> 
     </span>
     <span class='ocr_line' id='line_1_34' title="bbox 148 2787 1217 2848; baseline -0.001 -15"><span class='ocrx_word' id='word_1_273' title='bbox 148 2790 325 2848; x_wconf 86' lang='lat' dir='ltr'>phum,</span> <span class='ocrx_word' id='word_1_274' title='bbox 349 2802 446 2834; x_wconf 88' lang='lat' dir='ltr'>non</span> <span class='ocrx_word' id='word_1_275' title='bbox 477 2787 734 2847; x_wconf 86' lang='lat' dir='ltr'>adscripta</span> <span class='ocrx_word' id='word_1_276' title='bbox 765 2787 869 2836; x_wconf 85' lang='lat' dir='ltr'>die:</span> <span class='ocrx_word' id='word_1_277' title='bbox 904 2787 949 2832; x_wconf 82' lang='lat' dir='ltr'>si</span> <span class='ocrx_word' id='word_1_278' title='bbox 977 2788 1217 2846; x_wconf 84' lang='lat' dir='ltr'>conjuges</span> 
     </span>
     <span class='ocr_line' id='line_1_35' title="bbox 149 2857 1218 2918; baseline -0.003 -14"><span class='ocrx_word' id='word_1_279' title='bbox 149 2860 484 2905; x_wconf 83' lang='lat' dir='ltr'>alienaverint</span> <span class='ocrx_word' id='word_1_280' title='bbox 509 2859 635 2904; x_wconf 81' lang='lat' dir='ltr'>bona</span> <span class='ocrx_word' id='word_1_281' title='bbox 654 2858 840 2903; x_wconf 82' lang='lat' dir='ltr'>dotalia</span> <span class='ocrx_word' id='word_1_282' title='bbox 861 2871 990 2918; x_wconf 84' lang='lat' dir='ltr'>quae</span> <span class='ocrx_word' id='word_1_283' title='bbox 1010 2857 1218 2902; x_wconf 86' lang='lat' dir='ltr'>alienari</span> 
     </span>
     <span class='ocr_line' id='line_1_36' title="bbox 148 2929 1215 2991; baseline -0.004 -14"><span class='ocrx_word' id='word_1_284' title='bbox 148 2932 495 2991; x_wconf 85' lang='lat' dir='ltr'>prohibentur,</span> <span class='ocrx_word' id='word_1_285' title='bbox 524 2936 612 2976; x_wconf 89' lang='lat' dir='ltr'>aut</span> <span class='ocrx_word' id='word_1_286' title='bbox 638 2937 799 2990; x_wconf 78' lang='lat' dir='ltr'>nupta</span> <span class='ocrx_word' id='word_1_287' title='bbox 830 2929 1215 2990; x_wconf 73' lang='lat' dir='ltr'>paraphernalia</span> 
     </span>
     <span class='ocr_line' id='line_1_37' title="bbox 148 2998 1218 3060; baseline -0.004 -13"><span class='ocrx_word' id='word_1_288' title='bbox 148 3004 260 3048; x_wconf 83' lang='lat' dir='ltr'>sine</span> <span class='ocrx_word' id='word_1_289' title='bbox 296 3005 484 3048; x_wconf 85' lang='lat' dir='ltr'>marito.</span> <span class='ocrx_word' id='word_1_290' title='bbox 523 3004 814 3048; x_wconf 82' lang='lat' dir='ltr'>Dummodo</span> <span class='ocrx_word' id='word_1_291' title='bbox 854 3007 962 3051; x_wconf 80' lang='lat' dir='ltr'>ete..</span> <span class='ocrx_word' id='word_1_292' title='bbox 1010 3005 1133 3060; x_wconf 87' lang='lat' dir='ltr'>puta</span> <span class='ocrx_word' id='word_1_293' title='bbox 1174 2998 1218 3043; x_wconf 84' lang='lat' dir='ltr'>si</span> 
     </span>
     <span class='ocr_line' id='line_1_38' title="bbox 152 3071 1220 3131; baseline -0.003 -14"><span class='ocrx_word' id='word_1_294' title='bbox 152 3077 349 3131; x_wconf 84' lang='lat' dir='ltr'>emptor</span> <span class='ocrx_word' id='word_1_295' title='bbox 377 3075 573 3131; x_wconf 86' lang='lat' dir='ltr'>ignoret</span> <span class='ocrx_word' id='word_1_296' title='bbox 607 3073 733 3118; x_wconf 87' lang='lat' dir='ltr'>bona</span> <span class='ocrx_word' id='word_1_297' title='bbox 754 3086 869 3118; x_wconf 83' lang='lat' dir='ltr'>esse</span> <span class='ocrx_word' id='word_1_298' title='bbox 902 3071 1109 3124; x_wconf 83' lang='lat' dir='ltr'>dotalia,</span> <span class='ocrx_word' id='word_1_299' title='bbox 1131 3075 1220 3115; x_wconf 81' lang='lat' dir='ltr'>aut</span> 
     </span>
     <span class='ocr_line' id='line_1_39' title="bbox 155 3141 1046 3201; baseline -0.003 -13"><span class='ocrx_word' id='word_1_300' title='bbox 155 3156 268 3189; x_wconf 77' lang='lat' dir='ltr'>eam</span> <span class='ocrx_word' id='word_1_301' title='bbox 302 3158 332 3188; x_wconf 87' lang='lat' dir='ltr'>a</span> <span class='ocrx_word' id='word_1_302' title='bbox 362 3156 462 3201; x_wconf 87' lang='lat' dir='ltr'>qua</span> <span class='ocrx_word' id='word_1_303' title='bbox 494 3145 615 3188; x_wconf 89' lang='lat' dir='ltr'>emit</span> <span class='ocrx_word' id='word_1_304' title='bbox 651 3146 813 3188; x_wconf 83' lang='lat' dir='ltr'>virum</span> <span class='ocrx_word' id='word_1_305' title='bbox 851 3141 1046 3188; x_wconf 82' lang='lat' dir='ltr'>habere.</span> 
     </span>
    </p>

    <p class='ocr_par' dir='ltr' id='par_1_12' title="bbox 151 3210 1223 3483">
     <span class='ocr_line' id='line_1_40' title="bbox 222 3210 1217 3267; baseline -0.001 -10"><span class='ocrx_word' id='word_1_306' title='bbox 222 3215 273 3257; x_wconf 91' lang='lat'>17</span> <span class='ocrx_word' id='word_1_307' title='bbox 305 3213 513 3259; x_wconf 78' lang='lat' dir='ltr'>Salmat.</span> <span class='ocrx_word' id='word_1_308' title='bbox 545 3212 627 3266; x_wconf 87' lang='lat' dir='ltr'>XI,</span> <span class='ocrx_word' id='word_1_309' title='bbox 657 3215 788 3267; x_wconf 78' lang='lat'>1‚78.</span> <span class='ocrx_word' id='word_1_310' title='bbox 822 3213 962 3259; x_wconf 88' lang='lat' dir='ltr'>Suar.</span> <span class='ocrx_word' id='word_1_311' title='bbox 990 3211 1049 3265; x_wconf 88' lang='lat' dir='ltr'>V,</span> <span class='ocrx_word' id='word_1_312' title='bbox 1081 3211 1152 3262; x_wconf 76' lang='lat'>22,</span> <span class='ocrx_word' id='word_1_313' title='bbox 1174 3210 1217 3256; x_wconf 88' lang='lat'>7.</span> 
     </span>
     <span class='ocr_line' id='line_1_41' title="bbox 155 3284 1217 3343; baseline -0.004 -13"><span class='ocrx_word' id='word_1_314' title='bbox 155 3284 223 3330; x_wconf 82' lang='lat' dir='ltr'>Ut</span> <span class='ocrx_word' id='word_1_315' title='bbox 239 3297 352 3330; x_wconf 82' lang='lat' dir='ltr'>eece</span> <span class='ocrx_word' id='word_1_316' title='bbox 370 3286 413 3329; x_wconf 89' lang='lat' dir='ltr'>si</span> <span class='ocrx_word' id='word_1_317' title='bbox 435 3285 550 3343; x_wconf 83' lang='lat' dir='ltr'>quis</span> <span class='ocrx_word' id='word_1_318' title='bbox 576 3284 699 3328; x_wconf 89' lang='lat' dir='ltr'>bona</span> <span class='ocrx_word' id='word_1_319' title='bbox 719 3284 816 3329; x_wconf 86' lang='lat' dir='ltr'>fide</span> <span class='ocrx_word' id='word_1_320' title='bbox 838 3284 1217 3328; x_wconf 84' lang='lat' dir='ltr'>matrimonium</span> 
     </span>
     <span class='ocr_line' id='line_1_42' title="bbox 152 3353 1220 3412; baseline -0.001 -13"><span class='ocrx_word' id='word_1_321' title='bbox 152 3367 268 3399; x_wconf 83' lang='lat' dir='ltr'>eum</span> <span class='ocrx_word' id='word_1_322' title='bbox 303 3353 494 3399; x_wconf 81' lang='lat' dir='ltr'>infideli</span> <span class='ocrx_word' id='word_1_323' title='bbox 528 3355 851 3403; x_wconf 80' lang='lat' dir='ltr'>contraxerit,</span> <span class='ocrx_word' id='word_1_324' title='bbox 887 3354 962 3398; x_wconf 89' lang='lat' dir='ltr'>vel</span> <span class='ocrx_word' id='word_1_325' title='bbox 995 3355 1105 3398; x_wconf 87' lang='lat' dir='ltr'>sine</span> <span class='ocrx_word' id='word_1_326' title='bbox 1133 3366 1220 3412; x_wconf 89' lang='lat' dir='ltr'>pa·</span> 
     </span>
     <span class='ocr_line' id='line_1_43' title="bbox 151 3423 1223 3483; baseline -0.003 -12"><span class='ocrx_word' id='word_1_327' title='bbox 151 3425 326 3479; x_wconf 84' lang='lat' dir='ltr'>rocho;</span> <span class='ocrx_word' id='word_1_328' title='bbox 360 3427 403 3471; x_wconf 86' lang='lat' dir='ltr'>si</span> <span class='ocrx_word' id='word_1_329' title='bbox 439 3428 576 3470; x_wconf 89' lang='lat' dir='ltr'>ineat</span> <span class='ocrx_word' id='word_1_330' title='bbox 610 3424 968 3483; x_wconf 81' lang='lat' dir='ltr'>professionem</span> <span class='ocrx_word' id='word_1_331' title='bbox 1001 3423 1223 3483; x_wconf 84' lang='lat' dir='ltr'>Religio-</span> 
     </span>
    </p>
   </div>
   <div class='ocr_carea' id='block_1_9' title="bbox 1323 1581 2394 1851">
    <p class='ocr_par' dir='ltr' id='par_1_13' title="bbox 1323 1581 2394 1851">
     <span class='ocr_line' id='line_1_44' title="bbox 1323 1581 2392 1644; baseline 0.002 -16"><span class='ocrx_word' id='word_1_332' title='bbox 1323 1595 1430 1628; x_wconf 84' lang='lat' dir='ltr'>sam</span> <span class='ocrx_word' id='word_1_333' title='bbox 1478 1585 1594 1627; x_wconf 88' lang='lat' dir='ltr'>ante</span> <span class='ocrx_word' id='word_1_334' title='bbox 1637 1597 1714 1628; x_wconf 79' lang='lat' dir='ltr'>an.</span> <span class='ocrx_word' id='word_1_335' title='bbox 1753 1583 1821 1634; x_wconf 86' lang='grc'>16,</span> <span class='ocrx_word' id='word_1_336' title='bbox 1867 1583 1944 1628; x_wconf 88' lang='lat' dir='ltr'>vel</span> <span class='ocrx_word' id='word_1_337' title='bbox 1989 1597 2120 1629; x_wconf 87' lang='lat' dir='ltr'>anno</span> <span class='ocrx_word' id='word_1_338' title='bbox 2152 1581 2392 1644; x_wconf 80' lang='lat' dir='ltr'>tyrocinii</span> 
     </span>
     <span class='ocr_line' id='line_1_45' title="bbox 1325 1653 2392 1716; baseline 0.005 -19"><span class='ocrx_word' id='word_1_339' title='bbox 1325 1653 1546 1699; x_wconf 87' lang='lat' dir='ltr'>nondum</span> <span class='ocrx_word' id='word_1_340' title='bbox 1584 1654 1812 1714; x_wconf 88' lang='lat' dir='ltr'>impleto:</span> <span class='ocrx_word' id='word_1_341' title='bbox 1846 1655 1934 1700; x_wconf 89' lang='lat' dir='ltr'>sed</span> <span class='ocrx_word' id='word_1_342' title='bbox 1968 1658 2115 1701; x_wconf 82' lang='lat' dir='ltr'>aetus</span> <span class='ocrx_word' id='word_1_343' title='bbox 2140 1656 2250 1716; x_wconf 83' lang='lat' dir='ltr'>ipso</span> <span class='ocrx_word' id='word_1_344' title='bbox 2276 1654 2392 1715; x_wconf 79' lang='lat' dir='ltr'>juro</span> 
     </span>
     <span class='ocr_line' id='line_1_46' title="bbox 1325 1725 2394 1785; baseline 0.007 -17"><span class='ocrx_word' id='word_1_345' title='bbox 1325 1725 1502 1770; x_wconf 87' lang='lat' dir='ltr'>irritus</span> <span class='ocrx_word' id='word_1_346' title='bbox 1530 1725 1847 1785; x_wconf 82' lang='lat' dir='ltr'>infectusque</span> <span class='ocrx_word' id='word_1_347' title='bbox 1873 1729 1962 1772; x_wconf 88' lang='lat' dir='ltr'>est.</span> <span class='ocrx_word' id='word_1_348' title='bbox 1988 1725 2051 1771; x_wconf 83' lang='lat' dir='ltr'>Et</span> <span class='ocrx_word' id='word_1_349' title='bbox 2072 1726 2184 1773; x_wconf 83' lang='lat' dir='ltr'>ideo</span> <span class='ocrx_word' id='word_1_350' title='bbox 2219 1730 2394 1775; x_wconf 82' lang='lat' dir='ltr'>utrum</span> 
     </span>
     <span class='ocr_line' id='line_1_47' title="bbox 1325 1797 2393 1851; baseline 0.005 -12"><span class='ocrx_word' id='word_1_351' title='bbox 1325 1801 1485 1848; x_wconf 80' lang='lat' dir='ltr'>actus,</span> <span class='ocrx_word' id='word_1_352' title='bbox 1511 1810 1552 1840; x_wconf 92' lang='lat' dir='ltr'>v.</span> <span class='ocrx_word' id='word_1_353' title='bbox 1574 1810 1630 1842; x_wconf 79' lang='lat' dir='ltr'>c..</span> <span class='ocrx_word' id='word_1_354' title='bbox 1653 1797 2048 1851; x_wconf 88' lang='lat' dir='ltr'>matrimonium,</span> <span class='ocrx_word' id='word_1_355' title='bbox 2067 1797 2226 1845; x_wconf 82' lang='lat' dir='ltr'>initus</span> <span class='ocrx_word' id='word_1_356' title='bbox 2241 1797 2393 1844; x_wconf 81' lang='lat' dir='ltr'>fuerit</span> 
     </span>
    </p>
   </div>
   <div class='ocr_carea' id='block_1_10' title="bbox 1325 1865 2392 1995">
    <p class='ocr_par' dir='ltr' id='par_1_14' title="bbox 1325 1865 2392 1995">
     <span class='ocr_line' id='line_1_48' title="bbox 1325 1865 2392 1928; baseline 0.005 -18"><span class='ocrx_word' id='word_1_357' title='bbox 1325 1865 1451 1911; x_wconf 88' lang='lat' dir='ltr'>bona</span> <span class='ocrx_word' id='word_1_358' title='bbox 1472 1881 1533 1912; x_wconf 87' lang='lat' dir='ltr'>an</span> <span class='ocrx_word' id='word_1_359' title='bbox 1556 1867 1687 1913; x_wconf 84' lang='lat' dir='ltr'>mala</span> <span class='ocrx_word' id='word_1_360' title='bbox 1711 1867 1823 1920; x_wconf 65' lang='lat' dir='ltr'>fide,</span> <span class='ocrx_word' id='word_1_361' title='bbox 1844 1867 1905 1912; x_wconf 88' lang='lat' dir='ltr'>ad</span> <span class='ocrx_word' id='word_1_362' title='bbox 1928 1881 2029 1914; x_wconf 87' lang='lat' dir='ltr'>rem</span> <span class='ocrx_word' id='word_1_363' title='bbox 2051 1881 2147 1914; x_wconf 89' lang='lat' dir='ltr'>non</span> <span class='ocrx_word' id='word_1_364' title='bbox 2173 1869 2392 1928; x_wconf 80' lang='lat' dir='ltr'>pertinet</span> 
     </span>
     <span class='ocr_line' id='line_1_49' title="bbox 1325 1937 2392 1995; baseline 0.001 -13"><span class='ocrx_word' id='word_1_365' title='bbox 1325 1937 1485 1982; x_wconf 73' lang='lat' dir='ltr'>‹Suar.</span> <span class='ocrx_word' id='word_1_366' title='bbox 1524 1940 1596 1983; x_wconf 86' lang='lat' dir='ltr'>De</span> <span class='ocrx_word' id='word_1_367' title='bbox 1631 1938 1839 1983; x_wconf 73' lang='lat' dir='ltr'>Cen-mr.</span> <span class='ocrx_word' id='word_1_368' title='bbox 1877 1938 1940 1983; x_wconf 90' lang='grc'>13.</span> <span class='ocrx_word' id='word_1_369' title='bbox 1975 1939 2010 1990; x_wconf 90' lang='grc'>1,</span> <span class='ocrx_word' id='word_1_370' title='bbox 2045 1938 2093 1990; x_wconf 89' lang='grc'>3;</span> <span class='ocrx_word' id='word_1_371' title='bbox 2128 1937 2284 1985; x_wconf 72' lang='lat' dir='ltr'>sulm.</span> <span class='ocrx_word' id='word_1_372' title='bbox 2325 1938 2392 1995; x_wconf 87' lang='lat'>10,</span> 
     </span>
    </p>
   </div>
   <div class='ocr_carea' id='block_1_11' title="bbox 1324 2008 2462 2069">
    <p class='ocr_par' dir='ltr' id='par_1_15' title="bbox 1324 1993 2548 2069">
     <span class='ocr_line' id='line_1_50' title="bbox 1324 2008 2462 2069; baseline 0.004 -17"><span class='ocrx_word' id='word_1_373' title='bbox 1324 2009 1368 2062; x_wconf 89' lang='lat'>3,</span> <span class='ocrx_word' id='word_1_374' title='bbox 1389 2009 1470 2058; x_wconf 74' lang='lat'>97:</span> <span class='ocrx_word' id='word_1_375' title='bbox 1497 2009 1545 2055; x_wconf 81' lang='lat' dir='ltr'>s.</span> <span class='ocrx_word' id='word_1_376' title='bbox 1569 2008 1816 2067; x_wconf 78' lang='lat' dir='ltr'>Alph.V1‚</span> <span class='ocrx_word' id='word_1_377' title='bbox 1844 2008 2155 2059; x_wconf 76' lang='lat' dir='ltr'>1079›.Etex</span> <span class='ocrx_word' id='word_1_378' title='bbox 2175 2009 2393 2067; x_wconf 72' lang='lat' dir='ltr'>diverso,</span> <span class='ocrx_word' id='word_1_379' title='bbox 2459 2067 2462 2069; x_wconf 35' lang='grc'>,</span> 
     </span>
    </p>
   </div>
   <div class='ocr_carea' id='block_1_12' title="bbox 1322 2079 2395 2207">
    <p class='ocr_par' dir='ltr' id='par_1_16' title="bbox 1322 2079 2395 2207">
     <span class='ocr_line' id='line_1_51' title="bbox 1323 2079 2392 2139; baseline 0.003 -15"><span class='ocrx_word' id='word_1_380' title='bbox 1323 2081 1366 2124; x_wconf 83' lang='lat' dir='ltr'>si</span> <span class='ocrx_word' id='word_1_381' title='bbox 1407 2080 1534 2125; x_wconf 79' lang='lat' dir='ltr'>falso</span> <span class='ocrx_word' id='word_1_382' title='bbox 1569 2084 1714 2139; x_wconf 74' lang='lat' dir='ltr'>putet</span> <span class='ocrx_word' id='word_1_383' title='bbox 1746 2083 1915 2125; x_wconf 82' lang='lat' dir='ltr'>actum</span> <span class='ocrx_word' id='word_1_384' title='bbox 1962 2080 2178 2132; x_wconf 88' lang='lat' dir='ltr'>irritum,</span> <span class='ocrx_word' id='word_1_385' title='bbox 2217 2079 2292 2125; x_wconf 84' lang='lat' dir='ltr'>vel</span> <span class='ocrx_word' id='word_1_386' title='bbox 2327 2086 2392 2127; x_wconf 73' lang='lat' dir='ltr'>&#39;so</span> 
     </span>
     <span class='ocr_line' id='line_1_52' title="bbox 1322 2150 2395 2207; baseline 0.003 -12"><span class='ocrx_word' id='word_1_387' title='bbox 1322 2150 1596 2197; x_wconf 76' lang='lat' dir='ltr'>inhabilem</span> <span class='ocrx_word' id='word_1_388' title='bbox 1621 2165 1751 2203; x_wconf 86' lang='lat' dir='ltr'>esse,</span> <span class='ocrx_word' id='word_1_389' title='bbox 1775 2150 1902 2195; x_wconf 89' lang='lat' dir='ltr'>nihil</span> <span class='ocrx_word' id='word_1_390' title='bbox 1927 2150 2087 2196; x_wconf 79' lang='lat' dir='ltr'>oberit</span> <span class='ocrx_word' id='word_1_391' title='bbox 2107 2151 2155 2207; x_wconf 72' lang='grc' dir='ltr'>(ξ</span> <span class='ocrx_word' id='word_1_392' title='bbox 2178 2150 2278 2203; x_wconf 84' lang='grc'><strong>147,</strong></span> <span class='ocrx_word' id='word_1_393' title='bbox 2302 2150 2395 2204; x_wconf 75' lang='lat'>26).</span> 
     </span>
    </p>
   </div>
   <div class='ocr_carea' id='block_1_13' title="bbox 1322 2198 2534 2352">
    <p class='ocr_par' dir='ltr' id='par_1_17' title="bbox 1322 2198 2534 2352">
     <span class='ocr_line' id='line_1_53' title="bbox 1391 2198 2534 2280; baseline -0.003 -13"><span class='ocrx_word' id='word_1_394' title='bbox 1391 2223 1441 2266; x_wconf 92' lang='grc'>18</span> <span class='ocrx_word' id='word_1_395' title='bbox 1463 2222 1604 2268; x_wconf 83' lang='lat' dir='ltr'>Snar.</span> <span class='ocrx_word' id='word_1_396' title='bbox 1629 2222 1688 2272; x_wconf 89' lang='lat' dir='ltr'>V,</span> <span class='ocrx_word' id='word_1_397' title='bbox 1711 2223 1782 2275; x_wconf 75' lang='lat'>23,</span> <span class='ocrx_word' id='word_1_398' title='bbox 1807 2222 1849 2273; x_wconf 75' lang='lat'>2,</span> <span class='ocrx_word' id='word_1_399' title='bbox 1873 2225 1965 2267; x_wconf 78' lang='lat' dir='ltr'>ete.</span> <span class='ocrx_word' id='word_1_400' title='bbox 1990 2221 2163 2280; x_wconf 75' lang='lat' dir='ltr'>Laym.</span> <span class='ocrx_word' id='word_1_401' title='bbox 2191 2220 2322 2275; x_wconf 77' lang='lat' dir='ltr'>xix,</span> <span class='ocrx_word' id='word_1_402' title='bbox 2348 2220 2395 2268; x_wconf 80' lang='lat'>2.</span> <span class='ocrx_word' id='word_1_403' title='bbox 2434 2198 2534 2243; x_wconf 46' lang='lat'>“7⁶⁵</span> 
     </span>
     <span class='ocr_line' id='line_1_54' title="bbox 1322 2284 2505 2352; baseline -0.004 -13"><span class='ocrx_word' id='word_1_404' title='bbox 1322 2293 1476 2339; x_wconf 87' lang='lat' dir='ltr'>Salm.</span> <span class='ocrx_word' id='word_1_405' title='bbox 1513 2293 1593 2345; x_wconf 88' lang='lat' dir='ltr'>IX,</span> <span class='ocrx_word' id='word_1_406' title='bbox 1627 2295 1667 2340; x_wconf 85' lang='grc'>8,</span> <span class='ocrx_word' id='word_1_407' title='bbox 1702 2295 1766 2337; x_wconf 86' lang='grc'><strong>14.</strong></span> <span class='ocrx_word' id='word_1_408' title='bbox 1802 2293 1850 2339; x_wconf 88' lang='lat' dir='ltr'>S.</span> <span class='ocrx_word' id='word_1_409' title='bbox 1885 2291 2032 2352; x_wconf 77' lang='lat' dir='ltr'>Alph.</span> <span class='ocrx_word' id='word_1_410' title='bbox 2068 2292 2100 2339; x_wconf 93' lang='lat' dir='ltr'>l.</span> <span class='ocrx_word' id='word_1_411' title='bbox 2131 2306 2170 2339; x_wconf 83' lang='lat' dir='ltr'>e.</span> <span class='ocrx_word' id='word_1_412' title='bbox 2205 2292 2301 2339; x_wconf 85' lang='lat' dir='ltr'>Sed</span> <span class='ocrx_word' id='word_1_413' title='bbox 2338 2291 2391 2338; x_wconf 85' lang='lat' dir='ltr'>in</span> <span class='ocrx_word' id='word_1_414' title='bbox 2479 2284 2505 2343; x_wconf 61' lang='grc' dir='ltr'>-ζ</span> 
     </span>
    </p>
   </div>
   <div class='ocr_carea' id='block_1_14' title="bbox 1314 2364 2391 2564">
    <p class='ocr_par' dir='ltr' id='par_1_18' title="bbox 1314 2364 2391 2564">
     <span class='ocr_line' id='line_1_55' title="bbox 1314 2364 2388 2424; baseline 0.001 -16"><span class='ocrx_word' id='word_1_415' title='bbox 1314 2365 1427 2424; x_wconf 85' lang='lat' dir='ltr'>jure</span> <span class='ocrx_word' id='word_1_416' title='bbox 1461 2364 1702 2409; x_wconf 81' lang='lat' dir='ltr'>canonico</span> <span class='ocrx_word' id='word_1_417' title='bbox 1729 2364 1820 2409; x_wconf 83' lang='lat' dir='ltr'>hoe</span> <span class='ocrx_word' id='word_1_418' title='bbox 1845 2368 2145 2423; x_wconf 81' lang='lat' dir='ltr'>perpetuum</span> <span class='ocrx_word' id='word_1_419' title='bbox 2168 2376 2266 2409; x_wconf 89' lang='lat' dir='ltr'>non</span> <span class='ocrx_word' id='word_1_420' title='bbox 2294 2365 2388 2409; x_wconf 81' lang='lat' dir='ltr'>est.</span> 
     </span>
     <span class='ocr_line' id='line_1_56' title="bbox 1391 2433 2391 2493; baseline 0 -14"><span class='ocrx_word' id='word_1_421' title='bbox 1391 2435 1440 2479; x_wconf 83' lang='lat'>19</span> <span class='ocrx_word' id='word_1_422' title='bbox 1473 2434 1656 2481; x_wconf 84' lang='lat' dir='ltr'>Saneb.</span> <span class='ocrx_word' id='word_1_423' title='bbox 1689 2435 1751 2480; x_wconf 90' lang='lat' dir='ltr'>M.</span> <span class='ocrx_word' id='word_1_424' title='bbox 1787 2434 1870 2480; x_wconf 84' lang='lat'>111.</span> <span class='ocrx_word' id='word_1_425' title='bbox 1913 2436 1976 2485; x_wconf 88' lang='grc'>17,</span> <span class='ocrx_word' id='word_1_426' title='bbox 2010 2437 2050 2479; x_wconf 84' lang='grc'><strong>4.</strong></span> <span class='ocrx_word' id='word_1_427' title='bbox 2084 2433 2153 2479; x_wconf 87' lang='lat' dir='ltr'>Ut</span> <span class='ocrx_word' id='word_1_428' title='bbox 2185 2437 2311 2493; x_wconf 85' lang='lat' dir='ltr'>puta</span> <span class='ocrx_word' id='word_1_429' title='bbox 2343 2433 2391 2480; x_wconf 84' lang='lat' dir='ltr'>si</span> 
     </span>
     <span class='ocr_line' id='line_1_57' title="bbox 1323 2504 2390 2564; baseline 0.001 -14"><span class='ocrx_word' id='word_1_430' title='bbox 1323 2508 1522 2551; x_wconf 78' lang='lat' dir='ltr'>matrim</span> <span class='ocrx_word' id='word_1_431' title='bbox 1566 2507 1697 2551; x_wconf 84' lang='lat' dir='ltr'>inter</span> <span class='ocrx_word' id='word_1_432' title='bbox 1714 2506 2133 2564; x_wconf 81' lang='lat' dir='ltr'>consanguineos,</span> <span class='ocrx_word' id='word_1_433' title='bbox 2156 2504 2232 2550; x_wconf 82' lang='lat' dir='ltr'>vel</span> <span class='ocrx_word' id='word_1_434' title='bbox 2253 2504 2390 2551; x_wconf 86' lang='lat' dir='ltr'>clan-</span> 
     </span>
    </p>
   </div>
   <div class='ocr_carea' id='block_1_15' title="bbox 1319 2563 2506 2629">
    <p class='ocr_par' dir='ltr' id='par_1_19' title="bbox 1319 2563 2506 2629">
     <span class='ocr_line' id='line_1_58' title="bbox 1319 2563 2506 2629; baseline 0 -8"><span class='ocrx_word' id='word_1_435' title='bbox 1319 2577 1578 2622; x_wconf 82' lang='lat' dir='ltr'>destinum</span> <span class='ocrx_word' id='word_1_436' title='bbox 1604 2577 1665 2621; x_wconf 87' lang='lat' dir='ltr'>ad</span> <span class='ocrx_word' id='word_1_437' title='bbox 1703 2581 1910 2621; x_wconf 86' lang='lat' dir='ltr'>mortem</span> <span class='ocrx_word' id='word_1_438' title='bbox 1939 2575 2198 2621; x_wconf 81' lang='lat' dir='ltr'>vitandam</span> <span class='ocrx_word' id='word_1_439' title='bbox 2224 2575 2388 2629; x_wconf 80' lang='lat' dir='ltr'>(Suar.</span> <span class='ocrx_word' id='word_1_440' title='bbox 2475 2563 2506 2588; x_wconf 63' lang='lat'>⁵¹</span> 
     </span>
    </p>
   </div>
   <div class='ocr_carea' id='block_1_16' title="bbox 1318 2645 2398 3057">
    <p class='ocr_par' dir='ltr' id='par_1_20' title="bbox 1318 2645 2398 3057">
     <span class='ocr_line' id='line_1_59' title="bbox 1322 2645 2398 2704; baseline 0.003 -15"><span class='ocrx_word' id='word_1_441' title='bbox 1322 2646 1379 2697; x_wconf 88' lang='lat' dir='ltr'>V,</span> <span class='ocrx_word' id='word_1_442' title='bbox 1399 2647 1467 2698; x_wconf 70' lang='lat'>2²2,</span> <span class='ocrx_word' id='word_1_443' title='bbox 1485 2647 1547 2702; x_wconf 83' lang='lat'>9),</span> <span class='ocrx_word' id='word_1_444' title='bbox 1569 2647 1643 2691; x_wconf 86' lang='lat' dir='ltr'>vel</span> <span class='ocrx_word' id='word_1_445' title='bbox 1671 2647 1719 2691; x_wconf 92' lang='lat' dir='ltr'>in</span> <span class='ocrx_word' id='word_1_446' title='bbox 1741 2645 1954 2691; x_wconf 86' lang='lat' dir='ltr'>articulo</span> <span class='ocrx_word' id='word_1_447' title='bbox 1974 2646 2151 2691; x_wconf 88' lang='lat' dir='ltr'>mortis</span> <span class='ocrx_word' id='word_1_448' title='bbox 2170 2647 2243 2704; x_wconf 81' lang='lat' dir='ltr'>(S.</span> <span class='ocrx_word' id='word_1_449' title='bbox 2267 2645 2317 2691; x_wconf 81' lang='lat'>0.</span> <span class='ocrx_word' id='word_1_450' title='bbox 2340 2645 2398 2694; x_wconf 76' lang='grc'><strong>0.</strong></span> 
     </span>
     <span class='ocr_line' id='line_1_60' title="bbox 1323 2715 2393 2774; baseline 0.002 -13"><span class='ocrx_word' id='word_1_451' title='bbox 1323 2718 1375 2761; x_wconf 77' lang='grc'><strong>13</strong></span> <span class='ocrx_word' id='word_1_452' title='bbox 1395 2716 1535 2763; x_wconf 79' lang='lat' dir='ltr'>Febr.</span> <span class='ocrx_word' id='word_1_453' title='bbox 1567 2718 1695 2774; x_wconf 86' lang='grc'><strong>1661)</strong></span> <span class='ocrx_word' id='word_1_454' title='bbox 1716 2715 2112 2762; x_wconf 83' lang='lat' dir='ltr'>contrahendum</span> <span class='ocrx_word' id='word_1_455' title='bbox 2135 2716 2275 2762; x_wconf 84' lang='lat' dir='ltr'>foret.</span> <span class='ocrx_word' id='word_1_456' title='bbox 2295 2715 2393 2763; x_wconf 79' lang='lat' dir='ltr'>Ra-</span> 
     </span>
     <span class='ocr_line' id='line_1_61' title="bbox 1320 2785 2391 2847; baseline 0.001 -15"><span class='ocrx_word' id='word_1_457' title='bbox 1320 2788 1390 2832; x_wconf 85' lang='lat' dir='ltr'>tio</span> <span class='ocrx_word' id='word_1_458' title='bbox 1423 2790 1594 2832; x_wconf 86' lang='lat' dir='ltr'>autern</span> <span class='ocrx_word' id='word_1_459' title='bbox 1634 2791 1712 2832; x_wconf 87' lang='lat' dir='ltr'>est</span> <span class='ocrx_word' id='word_1_460' title='bbox 1753 2787 1872 2847; x_wconf 81' lang='lat' dir='ltr'>quia</span> <span class='ocrx_word' id='word_1_461' title='bbox 1916 2786 2053 2844; x_wconf 73' lang='lat' dir='ltr'>leges</span> <span class='ocrx_word' id='word_1_462' title='bbox 2093 2785 2391 2846; x_wconf 83' lang='lat' dir='ltr'>hujusmodi</span> 
     </span>
     <span class='ocr_line' id='line_1_62' title="bbox 1320 2855 2389 2917; baseline -0.002 -13"><span class='ocrx_word' id='word_1_463' title='bbox 1320 2859 1458 2917; x_wconf 88' lang='lat' dir='ltr'>Reip.</span> <span class='ocrx_word' id='word_1_464' title='bbox 1494 2859 1747 2903; x_wconf 85' lang='lat' dir='ltr'>intersunt</span> <span class='ocrx_word' id='word_1_465' title='bbox 1783 2858 2057 2916; x_wconf 81' lang='lat' dir='ltr'>plurimum</span> <span class='ocrx_word' id='word_1_466' title='bbox 2086 2855 2280 2915; x_wconf 86' lang='lat' dir='ltr'>(Laym.</span> <span class='ocrx_word' id='word_1_467' title='bbox 2304 2855 2389 2902; x_wconf 78' lang='lat' dir='ltr'>cit.</span> 
     </span>
     <span class='ocr_line' id='line_1_63' title="bbox 1318 2928 2394 2990; baseline -0.003 -15"><span class='ocrx_word' id='word_1_468' title='bbox 1318 2944 1365 2975; x_wconf 90' lang='lat' dir='ltr'>n.</span> <span class='ocrx_word' id='word_1_469' title='bbox 1401 2930 1471 2982; x_wconf 57' lang='grc' dir='ltr'>ΞΗ</span> <span class='ocrx_word' id='word_1_470' title='bbox 1506 2931 1583 2974; x_wconf 80' lang='lat' dir='ltr'>vel</span> <span class='ocrx_word' id='word_1_471' title='bbox 1621 2929 1790 2990; x_wconf 88' lang='lat' dir='ltr'>potius</span> <span class='ocrx_word' id='word_1_472' title='bbox 1825 2928 1945 2987; x_wconf 85' lang='lat' dir='ltr'>quia</span> <span class='ocrx_word' id='word_1_473' title='bbox 1977 2929 2250 2984; x_wconf 76' lang='lat' dir='ltr'>capacitas</span> <span class='ocrx_word' id='word_1_474' title='bbox 2283 2939 2394 2986; x_wconf 84' lang='lat' dir='ltr'>per·</span> 
     </span>
     <span class='ocr_line' id='line_1_64' title="bbox 1318 2997 2391 3057; baseline -0.004 -10"><span class='ocrx_word' id='word_1_475' title='bbox 1318 3002 1472 3049; x_wconf 86' lang='lat' dir='ltr'>sonis,</span> <span class='ocrx_word' id='word_1_476' title='bbox 1506 3003 1587 3046; x_wconf 76' lang='lat' dir='ltr'>vis</span> <span class='ocrx_word' id='word_1_477' title='bbox 1619 3000 1815 3046; x_wconf 83' lang='lat' dir='ltr'>actibus</span> <span class='ocrx_word' id='word_1_478' title='bbox 1851 3012 1937 3057; x_wconf 88' lang='lat' dir='ltr'>per</span> <span class='ocrx_word' id='word_1_479' title='bbox 1970 2998 2106 3057; x_wconf 83' lang='lat' dir='ltr'>leges</span> <span class='ocrx_word' id='word_1_480' title='bbox 2135 2997 2391 3057; x_wconf 75' lang='lat' dir='ltr'>adempta,</span> 
     </span>
    </p>
   </div>
   <div class='ocr_carea' id='block_1_17' title="bbox 1318 3068 2391 3129">
    <p class='ocr_par' dir='ltr' id='par_1_21' title="bbox 1318 3053 2527 3129">
     <span class='ocr_line' id='line_1_65' title="bbox 1318 3068 2391 3129; baseline -0.004 -12"><span class='ocrx_word' id='word_1_481' title='bbox 1318 3072 1538 3123; x_wconf 80' lang='lat' dir='ltr'>restitui,</span> <span class='ocrx_word' id='word_1_482' title='bbox 1587 3071 1683 3117; x_wconf 86' lang='lat' dir='ltr'>nisi</span> <span class='ocrx_word' id='word_1_483' title='bbox 1735 3083 1820 3129; x_wconf 88' lang='lat' dir='ltr'>per</span> <span class='ocrx_word' id='word_1_484' title='bbox 1869 3068 2023 3128; x_wconf 67' lang='lat' dir='ltr'>leges,</span> <span class='ocrx_word' id='word_1_485' title='bbox 2071 3080 2171 3112; x_wconf 88' lang='lat' dir='ltr'>non</span> <span class='ocrx_word' id='word_1_486' title='bbox 2221 3069 2391 3127; x_wconf 77' lang='lat' dir='ltr'>potest</span> 
     </span>
    </p>
   </div>
   <div class='ocr_carea' id='block_1_18' title="bbox 1317 3137 2397 3413">
    <p class='ocr_par' dir='ltr' id='par_1_22' title="bbox 1318 3137 2393 3272">
     <span class='ocr_line' id='line_1_66' title="bbox 1318 3137 2393 3199; baseline -0.005 -10"><span class='ocrx_word' id='word_1_487' title='bbox 1318 3142 1485 3199; x_wconf 90' lang='lat' dir='ltr'>(Suar.</span> <span class='ocrx_word' id='word_1_488' title='bbox 1511 3147 1560 3187; x_wconf 86' lang='lat' dir='ltr'>et</span> <span class='ocrx_word' id='word_1_489' title='bbox 1593 3142 1747 3188; x_wconf 85' lang='lat' dir='ltr'>Salm.</span> <span class='ocrx_word' id='word_1_490' title='bbox 1783 3140 1833 3187; x_wconf 91' lang='grc'>11.</span> <span class='ocrx_word' id='word_1_491' title='bbox 1865 3153 1934 3185; x_wconf 84' lang='lat' dir='ltr'>cc.</span> <span class='ocrx_word' id='word_1_492' title='bbox 1963 3137 2016 3186; x_wconf 88' lang='lat' dir='ltr'>V.</span> <span class='ocrx_word' id='word_1_493' title='bbox 2051 3138 2292 3191; x_wconf 85' lang='lat' dir='ltr'>Thesaur,</span> <span class='ocrx_word' id='word_1_494' title='bbox 2316 3137 2393 3184; x_wconf 74' lang='lat' dir='ltr'>De</span> 
     </span>
     <span class='ocr_line' id='line_1_67' title="bbox 1319 3210 2018 3272; baseline -0.006 -14"><span class='ocrx_word' id='word_1_495' title='bbox 1319 3214 1518 3259; x_wconf 80' lang='lat' dir='ltr'>Poenis.</span> <span class='ocrx_word' id='word_1_496' title='bbox 1553 3211 1661 3272; x_wconf 74' lang='lat' dir='ltr'>Par.</span> <span class='ocrx_word' id='word_1_497' title='bbox 1696 3211 1731 3263; x_wconf 92' lang='grc' dir='ltr'>Ι,</span> <span class='ocrx_word' id='word_1_498' title='bbox 1767 3211 1888 3270; x_wconf 89' lang='lat' dir='ltr'>Cap.</span> <span class='ocrx_word' id='word_1_499' title='bbox 1923 3210 2018 3268; x_wconf 85' lang='lat'><strong>35).</strong></span> 
     </span>
    </p>

    <p class='ocr_par' dir='ltr' id='par_1_23' title="bbox 1317 3278 2397 3413">
     <span class='ocr_line' id='line_1_68' title="bbox 1379 3278 2397 3342; baseline 0 -16"><span class='ocrx_word' id='word_1_500' title='bbox 1379 3283 1438 3327; x_wconf 80' lang='lat'>20</span> <span class='ocrx_word' id='word_1_501' title='bbox 1456 3283 1504 3329; x_wconf 80' lang='lat' dir='ltr'>S.</span> <span class='ocrx_word' id='word_1_502' title='bbox 1523 3282 1669 3342; x_wconf 78' lang='lat' dir='ltr'>Alph.</span> <span class='ocrx_word' id='word_1_503' title='bbox 1690 3281 1724 3331; x_wconf 80' lang='grc' dir='ltr'>Ι,</span> <span class='ocrx_word' id='word_1_504' title='bbox 1744 3282 1815 3332; x_wconf 89' lang='grc'>96,</span> <span class='ocrx_word' id='word_1_505' title='bbox 1837 3294 1879 3326; x_wconf 85' lang='lat' dir='ltr'>v.</span> <span class='ocrx_word' id='word_1_506' title='bbox 1900 3284 2194 3326; x_wconf 79' lang='lat' dir='ltr'>Praeterea.</span> <span class='ocrx_word' id='word_1_507' title='bbox 2214 3278 2397 3335; x_wconf 73' lang='lat' dir='ltr'>Laym.</span> 
     </span>
     <span class='ocr_line' id='line_1_69' title="bbox 1317 3351 1927 3413; baseline -0.003 -15"><span class='ocrx_word' id='word_1_508' title='bbox 1317 3353 1382 3408; x_wconf 80' lang='lat'>11,</span> <span class='ocrx_word' id='word_1_509' title='bbox 1413 3357 1456 3408; x_wconf 90' lang='lat'>7,</span> <span class='ocrx_word' id='word_1_510' title='bbox 1490 3353 1608 3413; x_wconf 90' lang='lat' dir='ltr'>ibiq.</span> <span class='ocrx_word' id='word_1_511' title='bbox 1642 3351 1791 3408; x_wconf 68' lang='lat' dir='ltr'>Moli„</span> <span class='ocrx_word' id='word_1_512' title='bbox 1823 3351 1927 3398; x_wconf 88' lang='lat' dir='ltr'>Sot.</span> 
     </span>
    </p>
   </div>
   <div class='ocr_carea' id='block_1_19' title="bbox 2403 3666 2548 4042">
    <p class='ocr_par' dir='ltr' id='par_1_24' title="bbox 2403 3666 2548 4042">
     <span class='ocr_line' id='line_1_70' title="bbox 2403 3666 2548 4042; baseline 0 0"><span class='ocrx_word' id='word_1_513' title='bbox 2403 3666 2548 4042; x_wconf 95' lang='lat' dir='ltr'> </span> 
     </span>
    </p>
   </div>
   <div class='ocr_carea' id='block_1_20' title="bbox 2487 0 2548 859">
    <p class='ocr_par' dir='ltr' id='par_1_25' title="bbox 2487 0 2548 859">
     <span class='ocr_line' id='line_1_71' title="bbox 2487 0 2548 859; baseline 0 0"><span class='ocrx_word' id='word_1_514' title='bbox 2487 0 2548 859; x_wconf 95' lang='lat' dir='ltr'>   </span> 
     </span>
    </p>
   </div>
   <div class='ocr_carea' id='block_1_21' title="bbox 2483 2016 2548 3024">
    <p class='ocr_par' dir='ltr' id='par_1_26' title="bbox 2483 2016 2548 3024">
     <span class='ocr_line' id='line_1_72' title="bbox 2483 2016 2548 3024; baseline 0 0"><span class='ocrx_word' id='word_1_515' title='bbox 2483 2016 2548 3024; x_wconf 95' lang='lat' dir='ltr'> </span> 
     </span>
    </p>
   </div>
  </div>
 </body>
</html>
