2548 4042
2259 0 2335 26 Ἥ,-

195 20 297 76 358
432 39 555 76 mas
591 38 742 76 rainu
765 49 791 62 ·
811 37 1180 79 »consecutum
1201 50 1224 61 -
1246 7 1419 78 τιὶωτ.
1442 38 1503 77 vi.
1540 38 1607 77 nx
1638 28 1818 78 rotms
1851 36 2261 79 :rotmanis
2303 25 2326 63 '-
2363 31 2439 90 Γέλῃ-

196 121 338 176 illud
376 121 575 182 violat,
604 120 862 175 ordinem
897 122 1247 185 exercendO,
1301 121 1367 175 fit
1409 118 1755 190 irregularis
1785 119 1883 193 (9).
1925 122 2030 176 His
2068 123 2285 186 autem,
2324 109 2466 206 qu}

193 226 263 267 eo
302 212 601 270 tenentur,
652 224 835 277 grave
878 215 970 263 est
1013 210 1301 266 interesse
1341 209 1559 265 divinis
1604 210 1830 275 officiiS,
1872 214 1935 266 et
1976 214 2178 282 petere
2227 225 2441 268 sacrat-k
2510 221 2515 227 ’

191 301 408 360 menta,
450 298 663 367 quibus
715 298 1092 353 interdictum
1154 298 1434 368 prohibet.
1477 297 1704 354 Ceteris
1729 302 1928 356 autem
1969 300 2137 355 nefas
2178 304 2286 365 est,
2328 313 2431 357 eos

188 387 263 442 ad
307 387 408 441 illa
447 388 776 449 admittere,
822 388 934 442 ista
977 388 1062 442 eis
1104 388 1465 451 ministrare3
1497 405 1565 443 ac
1595 390 1826 444 demum
1868 391 2113 446 mortuis
2153 390 2293 444 dare
2336 404 2431 445 ec·
2467 431 2470 434 .

189 473 585 528 clesiasticam
614 473 1010 542 sepulturam3
1056 489 1282 542 nempe,
1314 489 1387 528 ex
1418 490 1530 544 quo
1574 474 1791 529 suerint
1832 475 2170 545 specialiter
2197 475 2434 531 denun-

192 562 330 617 ciati
359 560 490 632 (10).
523 562 931 626 Nihilominus,
974 563 1112 632 quia
1143 563 1516 617 interdictum
1549 579 1663 617 non
1694 568 1928 634 separat
1954 580 1991 619 a
2019 565 2428 621 commuuione

194 650 473 715 fidelium,
504 652 550 705 si
595 652 941 707 interdictus
983 652 1199 706 divinis
1240 653 1446 707 officiis
1488 654 1915 721 supervenerit,
1958 655 2240 724 etjussus
2266 654 2432 709 abire

194 741 465 802 noluerit,
511 757 623 795 non
668 742 933 810 cogimur
978 744 1051 796 ab
1096 743 1184 795 liis
1226 758 1456 796 cessare
1485 742 1622 811 (ll):
1666 742 1808 813 quin
1839 742 1888 797 si
1933 742 2055 812 ipse
2086 759 2155 799 ea
2187 750 2435 814 peragat

194 833 272 901 (v.
301 846 350 884 c.
382 831 613 885 missam
658 831 955 901 celebret),
987 847 1099 885 non
1132 836 1399 885 vetamur
1440 832 1524 886 eis
1568 832 1856 887 interesse
1889 829 2036 903 (12):
2080 848 2189 887 nec
2219 847 2320 902 pro
2348 832 2431 887 in·

196 920 461 976 terdictis
493 921 819 990 hujusmodi
854 922 973 975 vita
1005 921 1223 975 functis
1251 921 1459 975 offerre
1503 921 1809 983 sacrificia,
1842 925 1903 975 et
1935 922 2197 991 publicas
2227 935 2433 992 preces

198 1010 447 1065 vetitum
471 1014 561 1064 est
586 1011 721 1081 (13).
745 1010 1003 1080 Cumque
1029 1027 1204 1065 verae
1230 1026 1515 1065 censurae
1540 1011 1659 1067 vim
1685 1012 1899 1065 habeat
1923 1011 2127 1066 haeret
2152 1024 2432 1081 personae

196 1102 258 1156 et
285 1101 554 1170 sequitur
585 1101 956 1155 interdictum
990 1101 1204 1170 ubique
1237 1100 1518 1162 locorum,
1551 1101 1776 1155 tollitur
1804 1100 1927 1154 sola
1954 1099 2339 1163 absolutione,
2374 1102 2436 1155 et

194 1203 233 1244 a
260 1190 523 1259 quolibet
567 1190 920 1244 confessario
963 1192 1152 1259 potest
1192 1190 1437 1253 absolvi,
1478 1190 1783 1244 dummodo
1815 1205 1926 1244 non
1969 1190 2047 1244 sit
2074 1191 2147 1243 ab
2185 1189 2438 1254 homine,
2526 1213 2529 1219 ¹

196 1277 290 1332 vel
332 1285 699 1333 reservatum
727 1278 858 1349 (14).

266 1367 396 1421 372.
420 1367 608 1420 Venio
634 1369 707 1421 ad
739 1368 1073 1430 interdicta,
1099 1384 1250 1437 quae
1275 1369 1465 1437 magis
1490 1384 1728 1438 poenae,
1753 1384 1858 1424 seu
1882 1370 2072 1439 potius
2097 1368 2439 1439 privationis

194 1456 515 1526 cujusdam,
546 1472 720 1526 quam
762 1472 1067 1519 censurae,
1092 1458 1208 1510 vim
1241 1458 1484 1511 habent:
1520 1458 1845 1527 hujusmodi
1888 1461 2027 1513 sunt
2057 1458 2437 1512 interdictum

196 1546 503 1615 personale
527 1547 837 1613 generale;
864 1548 925 1601 et
950 1546 1330 1621 interdictum
1354 1546 1555 1609 locale,
1580 1562 1685 1601 seu
1707 1546 2007 1615 generale,
2030 1562 2135 1601 seu
2163 1546 2437 1616 speciale.

195 1636 508 1691 Persouale
542 1636 917 1691 interdictum
948 1637 1229 1705 generale
1260 1639 1365 1698 est,
1398 1636 1547 1706 quod
1581 1636 1765 1691 fertur
1791 1636 1848 1690 in
1880 1636 2150 1706 populum
2179 1635 2439 1706 aliquem

197 1728 302 1780 aut
329 1725 608 1788 ordinem,
637 1729 742 1780 aut
769 1731 1003 1780 coetum
1035 1740 1410 1795 personarum
1439 1723 1569 1795 (15).
1599 1725 1825 1789 Locale,
1856 1725 1903 1779 si
1943 1741 2012 1780 eo
2039 1724 2295 1780 afficitur
2322 1727 2438 1780 ter·
2521 1710 2548 1763 -.'

200 1814 465 1868 ritorium
506 1815 757 1884 aliquod,
790 1819 999 1884 utputa
1028 1815 1255 1877 civitaS,
1291 1815 1579 1883 oppidum,
1612 1830 1845 1883 pagum,
1877 1815 2159 1882 generale
2195 1818 2317 1878 est;
2346 1814 2439 1870 sin

208 1906 425 1968 certuS,
455 1905 549 1958 vel
593 1909 758 1958 certa
785 1905 985 1974 aliqua
1016 1905 1141 1958 loca
1169 1919 1352 1966 sacra,
1383 1907 1472 1958 est
1501 1904 1755 1973 speciale
1789 1902 1920 1976 (16).
1951 1905 2234 1959 Neutrum
2266 1904 2341 1959 ad
2374 1919 2438 1960 se

204 2097 532 2144 incurrebant
569 2100 679 2157 ipso
708 2099 819 2159 jure
841 2099 1092 2158 quotquot
1118 2097 1277 2142 inter-

205 2167 339 2215 dicto
363 2170 614 2227 personali
641 2169 880 2228 generali,
909 2169 984 2214 vel
1010 2167 1278 2215 interdicto

201 2237 349 2285 locali
374 2252 581 2284 causam
607 2239 853 2285 dederant
881 2240 974 2296 (Ex
995 2242 1090 2289 CC.
1118 2241 1185 2294 16,
1205 2242 1276 2284 24.

199 2311 275 2357 De
314 2313 359 2355 S.
395 2311 446 2354 Ε.
482 2311 534 2355 in
557 2311 622 2354 6⁰.
659 2311 802 2358 Suar.
836 2311 908 2366 33,
953 2313 987 2366 l,
1019 2313 1095 2368 6);
1130 2310 1280 2356 hodie

201 2381 423 2440 amplius
460 2394 556 2425 non
590 2381 807 2428 obtinet.

261 2451 291 2494 9
313 2451 368 2498 C.
386 2452 456 2496 20.
478 2453 546 2495 De
567 2451 602 2494 S
641 2453 690 2496 Ε.
714 2453 763 2496 in
788 2454 850 2498 6⁰.
877 2453 1018 2499 Suar.
1044 2453 1114 2507 34,
1141 2455 1183 2504 4,
1203 2453 1274 2497 21.

202 2519 260 2565 V.
286 2533 341 2573 c.‚
376 2522 420 2566 si
456 2521 687 2567 absolvat
723 2523 940 2582 aliquem
978 2538 1005 2569 a
1042 2525 1279 2584 peccatis,

201 2590 322 2636 licet
355 2604 453 2636 non
479 2592 807 2638 interdictum
837 2594 1001 2651 (Suar.
1025 2595 1084 2638 33
1125 2595 1166 2646 3,
1200 2595 1275 2647 5>;

205 2662 250 2706 ei
269 2661 484 2707 celebret
505 2664 553 2706 in
576 2663 683 2709 loco
705 2664 974 2710 interdicto
994 2666 1105 2716 icit.
1119 2666 1171 2712 C.
1188 2666 1279 2718 20).

204 2731 349 2778 Hanc
369 2733 794 2791 irregularitatem
810 2737 1063 2780 incurrere
1081 2736 1282 2794 Episco-

204 2815 298 2861 pos
322 2815 534 2863 quoque,
562 2806 657 2849 rati
685 2809 808 2851 sunt
836 2805 1095 2859 silvester,
1121 2810 1170 2850 et
1192 2808 1280 2853 Co-

205 2875 494 2922 varruvias:
516 2876 646 2935 quod
666 2875 810 2922 Suar.
829 2890 873 2922 n.
889 2878 933 2930 6,
947 2890 1009 2922 ex
1029 2878 1082 2924 C.
1099 2877 1189 2923 ult.
1211 2880 1282 2923 De

209 2957 399 2990 excess.
422 2946 677 2999 Praelat„
695 2948 765 2992 ait
788 2961 900 2994 esse
913 2951 1279 2994 certissimum.

213 3014 310 3060 Sed
350 3028 523 3061 vereor
569 3031 630 3061 ne
658 3022 812 3072 recte3
837 3018 894 3063 V.
920 3019 1002 3064 cit.
1027 3019 1081 3067 C.
1106 3020 1209 3073 ult.;
1234 3022 1284 3064 et

206 3089 322 3143 post
340 3087 392 3132 C.
412 3091 494 3143 Ap.
511 3088 687 3133 Sedisd
706 3091 790 3134 vix
811 3089 984 3135 ubium
1005 3094 1149 3149 puto:
1170 3091 1281 3136 nul-

204 3154 292 3200 libi
329 3158 460 3200 e.iirn
497 3158 552 3202 fit
587 3158 647 3202 de
681 3160 753 3204 eis
779 3161 965 3206 mentio
1000 3163 1048 3217 (ξ
1070 3162 1282 3219 323,10).

210 3225 459 3271 Ordinem
494 3234 716 3284 exercet,
740 3243 919 3289 nempe
948 3231 1082 3291 quod
1109 3232 1170 3277 ad
1196 3245 1281 3277 eas

208 3307 310 3348 res,
341 3295 419 3340 vel
456 3310 513 3340 ea
548 3298 670 3352 loca,
708 3312 836 3358 quae
877 3302 1148 3348 interdicto
1183 3316 1282 3348 non

206 3366 525 3411 eximuntur:
564 3382 679 3414 nam
719 3384 776 3416 ea
818 3384 945 3430 quae
987 3374 1283 3418 eximuntur

208 3439 354 3481 extra
387 3437 778 3495 prohibitionem
818 3447 960 3492 sunt;
1006 3443 1281 3489 dummodo

209 3507 415 3552 modum
445 3510 848 3569 servaverit,quo
868 3517 1067 3558 tantum
1083 3519 1282 3559 servato

213 3589 271 3621 ea
295 3577 433 3622 obire
457 3577 653 3623 licitum
689 3586 768 3625 est
787 3581 1045 3638 (Suar.nn.
1070 3585 1111 3636 5,
1130 3585 1194 3638 6).
1218 3587 1285 3630 At

209 3647 253 3690 is
293 3650 397 3705 qui.
420 3661 518 3692 non
547 3648 655 3706 ipse
684 3651 1004 3706 interdictus,
1030 3654 1151 3699 etin
1177 3654 1283 3699 loco

210 3729 312 3761 non
353 3717 641 3770 interdicto,
687 3720 891 3774 confert,
935 3735 980 3768 v.
1018 3736 1073 3777 c.‚
1120 3737 1286 3769 sacra-

1366 2099 1550 2149 menta,
1605 2099 1834 2155 personis
1890 2099 2196 2154 interdictis,
2248 2100 2433 2153 verius,

1367 2166 1560 2211 nullam
1586 2167 2009 2226 irregularitatem
2036 2169 2252 2216 incurrit
2273 2170 2438 2226 (Suar.

1376 2250 1422 2281 n.
1458 2241 1520 2284 7›.
1555 2237 1658 2284 Cur
1682 2243 1854 2284 autem
1878 2238 2134 2286 celebrans
2159 2241 2211 2286 in
2235 2242 2344 2288 loco
2365 2241 2442 2287 in-

1372 2308 1585 2354 terdicto
1610 2309 2041 2367 irregularitatem
2067 2312 2307 2366 incurrat,
2326 2325 2438 2359 eam

1370 2391 1487 2424 vero
1522 2392 1617 2423 non
1643 2380 1868 2426 incurrat
1890 2383 1978 2441 qui
2005 2385 2325 2428 sacramenta
2349 2382 2441 2428 mi-

1368 2450 1556 2494 nistrat
1582 2450 1814 2508 personis
1839 2451 2142 2506 interdictis,
2170 2452 2299 2498 ratio
2321 2451 2440 2500 sub-

1371 2518 1583 2565 obscura
1603 2523 1702 2573 est,
1728 2534 1879 2580 quam
1906 2523 2156 2581 inquirere
2179 2535 2278 2568 non
2298 2535 2444 2582 opor-

1370 2593 1444 2635 tet
1467 2595 1515 2645 (S
1549 2592 1643 2645 188,
1666 2591 1761 2645 59).

1434 2661 1486 2704 10
1515 2661 1657 2708 Suar.
1683 2663 1755 2715 33,
1780 2663 1821 2713 3,
1848 2663 1914 2709 10.
1933 2663 2032 2721 V.§
2053 2663 2126 2717 77,
2145 2664 2355 2710 53.Cum
2372 2666 2447 2711 sit

1367 2744 1593 2778 censura
1606 2747 1622 2776 .·
1640 2733 1849 2792 proinde
1871 2732 1992 2779 haec
2006 2734 2299 2794 accipienda
2317 2737 2442 2781 sunt

2525 1824 2548 1867 ‘i'

2530 1894 2548 1996 ἓ,

2522 2337 2548 2647 ξ

1370 2802 1429 2846 de
1450 2803 1737 2858 interdicto,
1756 2804 1891 2864 quod
1911 2818 2055 2849 verae
2075 2818 2316 2852 censurae
2334 2806 2439 2852 vim

1371 2871 1542 2918 liabet:
1574 2878 1726 2933 atque
1750 2874 1861 2919 ideo
1895 2875 1938 2919 si
1973 2874 2035 2920 ob
2067 2876 2439 2922 contumaciam
2540 2933 2548 2952 ¹

1367 2943 1531 2989 latum
1565 2944 1734 2996 fuerit,
1766 2957 1857 2990 nec
1891 2946 1943 2990 in
1977 2945 2107 2991 diem
2141 2950 2334 2992 certum
2360 2947 2442 2994 vel

1367 3015 1417 3059 in
1454 3019 1754 3073 perpetuum
1790 3015 1865 3071 (V.
1891 3015 2034 3062 Suar.
2067 3016 2139 3069 38,
2170 3018 2204 3070 l,
2237 3019 2272 3071 l,
2297 3020 2442 3074 ωηιξη

1369 3088 1418 3130 et
1452 3085 1503 3129 in
1537 3086 1745 3144 scriptis
1780 3086 1940 3132 latum
1976 3089 2046 3133 sit
2080 3086 2156 3134 (V.
2190 3091 2219 3143 9
2247 3088 2348 3144 357,
2379 3090 2441 3143 6).
2519 3075 2548 3138 ,ἶ

1435 3157 1479 3199 11
1517 3155 1572 3201 V.
1598 3156 1739 3203 Suar.
1763 3158 1837 3212 34,
1858 3158 1902 3213 2,
1925 3173 1954 3204 a
1985 3173 2031 3204 n.
2055 3159 2095 3204 7.

1438 3227 1491 3270 12
1525 3227 1668 3274 Suar.
1704 3228 1775 3282 34,
1811 3228 1853 3284 2,
1887 3230 1930 3284 3,
1963 3232 2055 3276 etc.

1438 3298 1487 3341 13
1522 3298 1666 3344 Suar.
1698 3301 1772 3352 35,
1812 3301 1851 3355 l,
1883 3314 1969 3347 nn.
2006 3301 2072 3355 14,
2111 3301 2180 3347 15.

1436 3371 1488 3416 14
1525 3369 1668 3416 Suar.
1702 3371 1776 3426 38,
1812 3371 1849 3425 l,
1884 3371 1927 3425 5,
1968 3374 2059 3418 etc.
2104 3371 2258 3418 Salm.
2298 3371 2365 3425 10,
2396 3372 2443 3427 6,

1371 3439 1446 3491 92,
1479 3446 1571 3487 etc.

1441 3512 1492 3555 15
1528 3511 1671 3557 Suar.
1709 3512 1779 3564 32,
1813 3513 1855 3567 2,
1896 3513 1964 3567 11,
1995 3515 2090 3558 etc.

1441 3584 1492 3627 16
1526 3582 1667 3628 Suar.
1694 3583 1724 3628 l.
1757 3597 1796 3629 c.
1821 3596 1903 3629 nn.
1928 3586 1969 3637 4,
1990 3583 2034 3629 7.
2074 3585 2439 3639 Territorium3

1371 3666 1534 3706 secus,
1559 3655 1655 3698 etsi
1681 3667 1856 3699 omnes
1879 3667 2087 3712 prorsus
2112 3653 2329 3714 aliquus
2352 3667 2443 3713 op·

1371 3724 1493 3782 pidi,
1527 3724 1770 3778 civitatis,
1813 3725 1969 3782 regni,
2009 3723 2249 3769 ecclesiae
2285 3723 2442 3770 inter·

2530 3567 2548 3642 ἑ

2507 3765 2548 3814 ε

2521 3834 2548 3899 ’ἑ
