2548 4042
153 38 306 111 quod
326 37 463 92 olim
486 35 701 106 viguit,
722 35 826 92 sed
847 50 918 91 eo
937 35 1091 107 quod
1114 50 1272 92 nunc
1291 34 1461 107 viget
1482 5 1632 111 (12);
1639 0 2287 111 praeterquamsi'
2312 14 2512 124 siff„

150 126 224 183 de
255 128 344 182 his
374 126 607 195 legibus
646 139 799 196 quae
841 124 1026 195 injus
1053 125 1404 182 canonicum
1444 125 1774 184 translatae
1813 116 1971 195 sunt,
1998 128 2221 203 quippe*
2243 128 2443 204 quae

149 231 265 270 non
306 214 557 285 amplius
598 214 784 283 leges,
816 214 920 270 sed
962 228 1219 270 canones
1260 214 1497 271 dicendi
1537 217 1678 272 sunt
1709 214 1843 290 (13).
1876 210 2266 278 Nihilominus
2294 210 2418 292 jusf
2419 194 2548 309 '3'ss

150 305 513 367 canonicum,
553 303 788 375 quando
829 318 900 359 ex
942 304 1079 373 J‘ure
1122 304 1282 359 civili
1329 305 1487 375 capit
1548 305 2117 378 interpretationem,
2160 325 2275 366 non
2322 325 2406 368 ex
2485 305 2548 378 ,³4

148 411 217 451 eo
243 395 393 467 quod
430 410 586 449 nunc
615 394 803 463 viget,
834 394 935 449 secl
965 410 1041 451 ex
1072 394 1211 465 jure
1242 396 1534 452 communi
1569 395 2079 503 interpretandum
2108 402 2228 466 est;
2258 399 2400 472 quia
2530 385 2548 405 '⁸

149 487 254 541 hoc
295 485 623 554 imperante
666 484 967 540 conditum
1012 485 1141 540 fuit.

217 577 346 633 202.
388 579 546 645 Leqes
582 577 844 631 humanae
883 583 1009 630 cunc
1056 580 1419 630 insumuntur
1466 594 1585 630 cum
1616 578 2030 647 promulyantur
2067 577 2209 651 (14);
2252 581 2399 637 tuno

142 670 342 723 autem
384 665 742 736 promulgari
773 666 1054 722 dicuntur
1094 683 1225 722 cum
1268 666 1600 735 Legislator
1630 682 1732 723 eas
1761 667 2012 724 subditis
2049 669 2172 725 suis
2201 671 2396 727 obser-

145 759 366 813 vandas
410 756 703 827 proponit;
735 756 865 811 ideo
905 759 1087 812 antea
1132 773 1242 811 non
1286 757 1570 825 obligant,
1602 758 1714 812 etsi
1756 755 1815 811 hi
1859 757 2052 814 sciant
2089 759 2390 816 conditam

143 848 339 917 legem
384 847 562 902 fuisse
591 846 720 916 (15).
763 848 874 909 Quo
916 863 1054 903 vero
1093 849 1252 910 modo,
1285 849 1344 902 et
1377 850 1469 901 ubi
1496 847 1880 917 publicandae
1921 847 2040 903 siut
2080 849 2250 919 leges
2290 850 2395 906 hu·

140 953 370 1002 manae,
390 953 521 993 cuin
549 937 710 991 nullo
733 936 934 992 divino
946 939 1084 1007 jure
1115 937 1422 992 definitum
1453 938 1647 1002 fuerit,
1669 937 1727 992 iu
1755 938 1999 993 arbitrio
2027 937 2391 1008 legislatoris

139 1028 392 1099 positum
415 1029 521 1083 est.
546 1027 738 1095 Leges
758 1027 1074 1082 canonicae
1099 1027 1477 1097 publicantur
1499 1042 1700 1082 earum
1724 1029 2064 1098 apographo
2085 1030 2159 1084 ad
2183 1029 2390 1087 valvas

137 1116 421 1173 basilicae
462 1116 793 1171 Vaticanae
821 1117 1039 1171 Romae
1069 1116 1361 1187 proposito
1389 1113 1519 1189 (16).
1550 1120 1662 1172 Lex
1701 1126 1877 1172 autem
1905 1135 2007 1185 noga
2041 1120 2187 1176 habet
2217 1121 2392 1176 oculos

207 1354 257 1400 12
289 1354 478 1403 Contra
511 1354 679 1399 Perier
712 1355 763 1398 et
794 1351 1018 1399 Barbosa
1051 1352 1102 1397 in
1126 1352 1210 1397 cit.

135 1427 188 1475 C.
218 1427 253 1479 1,
278 1438 326 1471 n.
348 1426 390 1478 5,
415 1423 540 1471 forte
564 1424 700 1470 solos
735 1423 877 1470 aliud
911 1422 1210 1469 existiman·

134 1501 226 1543 tes.
258 1497 300 1540 1⁰
321 1496 453 1553 Quia
475 1494 588 1541 ideo
607 1498 882 1555 utrumque
893 1496 989 1550 jus
1011 1494 1210 1539 fovetur

134 1572 333 1620 mortuo,
363 1567 485 1626 quia
512 1569 727 1626 utraque
754 1570 994 1623 potestas
1028 1568 1207 1611 mutuo

130 1638 287 1685 foveri
305 1637 468 1691 debet,
484 1650 604 1683 num
621 1639 849 1697 potestas
868 1649 995 1697 quae
1014 1635 1203 1682 desiit?

131 1711 185 1755 2⁰
219 1710 342 1771 quia
379 1709 466 1768 jus
499 1708 798 1755 canonicum
844 1721 946 1754 non
987 1707 1209 1754 adscivit

130 1781 269 1841 leges
305 1779 484 1827 civiles
518 1780 667 1839 quasi
701 1782 937 1826 consulta
981 1780 1203 1824 virorum

129 1851 462 1913 prudentum,
484 1851 572 1896 sed
602 1851 749 1911 quasi
769 1851 918 1911 jussa
945 1850 1203 1910 legitimae

128 1924 404 1984 potestatis
439 1923 537 1981 (Ex
578 1923 631 1970 C.
667 1923 695 1965 8
720 1924 793 1970 De
827 1924 955 1968 Fide
989 1924 1198 1968 Instru-

127 1997 325 2050 πωπω,
358 2007 487 2054 quae
538 1996 825 2052 aequitatis
871 1997 921 2039 et
949 1994 1200 2049 justitiae

126 2067 350 2124 vestiqia
386 2067 668 2111 imitantur
703 2065 777 2121 (C.
802 2065 873 2110 28.
899 2066 973 2110 De
995 2065 1199 2118 Privil.)

123 2140 183 2183 ut
209 2136 496 2197 conJ‘unctis
521 2135 712 2182 viribus
738 2138 970 2182 tenerent
994 2135 1197 2181 fortius:

125 2209 253 2255 alias
288 2209 353 2261 3⁰,
395 2206 634 2266 abrogato
680 2208 829 2252 hodie
874 2206 974 2252 fere
1013 2206 1199 2266 ubique

123 2280 358 2339 gentium
399 2279 503 2325 foro
545 2279 908 2331 ecclesiastico,
947 2292 1046 2338 quo
1084 2279 1199 2337 J'ure

123 2355 391 2396 tuerentur
423 2364 476 2396 se
509 2350 689 2398 Clerici
718 2351 770 2395 in
804 2349 908 2396 foro
933 2348 1106 2395 civili?
1134 2349 1200 2394 Et

123 2423 240 2482 quis
257 2421 515 2475 dixerit,v.
529 2435 582 2470 c.,
595 2434 655 2465 ex
669 2421 720 2468 C.
734 2422 855 2468 4.De
869 2423 1051 2478 Sepulc.
1067 2421 1118 2465 in
1133 2420 1196 2475 6⁰,

119 2505 221 2553 quo
253 2495 475 2545 cavetur,
507 2492 668 2537 filium
702 2492 938 2544 familias,
966 2491 1066 2536 nisi
1099 2490 1195 2535 ha-

121 2563 237 2610 beat
254 2563 510 2623 peculium
534 2566 809 2618 castrense,
827 2564 1195 2608 testamentum

116 2634 280 2682 facere
304 2648 404 2681 non
433 2646 583 2693 posse
616 2635 815 2691 (nempe
850 2646 910 2677 ex
945 2632 998 2676 L.
1027 2633 1069 2677 7.
1101 2633 1199 2681 Qui

122 2711 233 2753 test,
249 2706 530 2765 faaposa)
554 2705 780 2757 clericos,
804 2703 908 2748 nisi
932 2703 1025 2749 hoc
1049 2716 1198 2763 pecu-

116 2778 245 2824 lium
280 2777 519 2831 habeant,
540 2789 641 2821 non
662 2788 813 2835 posse
847 2773 1061 2820 testari?
1089 2774 1195 2819 Hac

118 2863 171 2894 re
206 2850 270 2899 si,
291 2862 333 2895 v.
359 2862 415 2903 c.,
438 2846 769 2893 beneficiatus
796 2845 902 2905 (qui
926 2845 1194 2890 fructuarii

113 2921 225 2979 jure
251 2920 504 2975 censetur)
526 2919 754 2978 quaerat,
773 2930 837 2962 an
859 2916 1023 2976 possit
1048 2915 1195 2962 hodie

118 2995 293 3050 (penes
318 2992 429 3047 nos)
454 2989 667 3040 fodinas,
701 3002 745 3033 v.
781 3000 839 3041 c.,
873 2986 1118 3046 lapidum,
1143 2988 1194 3032 in

117 3060 342 3121 praediis
361 3059 588 3105 beneficii
604 3059 879 3118 inquirere;
898 3057 976 3103 vel
991 3058 1192 3103 cuinam

116 3130 300 3177 cedant
333 3130 533 3175 arbores
575 3130 623 3174 vi
663 3131 931 3175 ventorum
965 3126 1192 3183 avulsae,

114 3201 229 3256 sibi,
243 3215 305 3247 an
317 3200 607 3246 Ecclesiae?
624 3199 1035 3260 respondendum
1054 3203 1192 3259 puto,

115 3273 289 3331 ipsum
315 3285 413 3317 non
440 3285 586 3330 posse
612 3271 808 3317 fodinas
836 3271 1090 3331 inquirere
1114 3270 1187 3328 (C.

114 3343 175 3387 lt.
196 3344 285 3388 494
311 3344 468 3388 contr.
492 3340 549 3386 L.
573 3342 663 3386 ult.
688 3343 735 3388 C.
765 3345 838 3387 De
858 3342 1010 3399 fund.
1035 3343 1153 3396 doc.)
1176 3356 1187 3393 ;

114 3413 316 3460 arbores
349 3426 466 3458 vero
492 3411 554 3457 ad
579 3412 744 3470 ipsum
770 3412 1036 3470 pertinere,
1060 3414 1191 3457 cete·

111 3485 184 3529 ris
208 3482 418 3544 paribus
454 3484 522 3540 (C.
544 3480 603 3526 It.
630 3483 730 3525 490.
756 3482 924 3528 Contr.
950 3481 1006 3527 L.
1031 3481 1083 3524 21
1118 3484 1192 3528 De

120 3554 306 3612 Usus).
341 3553 573 3612 Cumque
598 3551 874 3597 locationes
905 3565 934 3596 a
964 3551 1191 3597 fructua-

112 3627 188 3672 rio
234 3626 392 3672 initae
426 3623 575 3670 hodie
621 3636 721 3668 non
756 3621 1002 3667 finiantur
1044 3621 1189 3669 finito

1315 1351 1588 1397 usufructu
1631 1352 1700 1407 (C.
1737 1351 1796 1396 It.
1837 1350 1960 1408 493),
2002 1364 2151 1400 secus
2192 1367 2250 1403 ac
2275 1355 2390 1416 jure

1321 1422 1578 1468 communi
1612 1422 1685 1478 (L.
1719 1423 1763 1477 9,
1797 1422 1824 1481 9
1865 1423 1877 1466 l
1919 1423 2133 1483 Locat.),
2171 1437 2273 1473 non
2307 1427 2386 1473 vi·

1315 1492 1465 1556 detur
1498 1493 1720 1553 amplius
1755 1492 2008 1553 probabile
2042 1493 2116 1552 (V.
2152 1494 2202 1542 S.
2231 1496 2386 1557 Alph.

1312 1562 1397 1619 IV,
1429 1565 1526 1617 187,
1553 1565 1604 1610 in
1638 1563 1759 1622 fin),
1793 1578 1943 1623 posse
1977 1564 2134 1624 (apud
2167 1571 2279 1618 nos)
2302 1565 2386 1615 be-

1316 1635 1610 1682 neficiatum
1645 1635 1837 1682 elocare
1871 1635 2001 1682 bona
2039 1637 2121 1683 sui
2153 1635 2388 1690 beneficii

1314 1706 1453 1752 ultra
1485 1707 1783 1753 triennium:
1818 1706 1954 1768 quod
1987 1706 2108 1754 olim
2140 1710 2355 1768 poterat.

1373 1778 1426 1822 13
1448 1778 1675 1838 Fagnan.
1700 1780 1750 1823 in
1774 1778 1828 1827 C.
1852 1780 1996 1826 Inter
2023 1780 2140 1825 alia
2163 1792 2213 1825 n.
2233 1779 2288 1825 6⁰
2310 1781 2384 1828 De

1308 1850 1455 1894 Imm.
1477 1851 1661 1897 EccleS.
1680 1848 1747 1894 Ut
1770 1852 1895 1908 puta
1917 1862 2046 1909 quae
2071 1841 2382 1909 adoptarunt

1306 1919 1671 1979 impedimenta
1697 1923 1815 1978 pub.
1849 1923 2136 1968 honestatis
2165 1920 2266 1978 (Ex
2300 1925 2331 1977 g
2352 1923 2384 1966 9

1306 1993 1381 2039 De
1405 1993 1598 2050 Nape),
1620 1993 1698 2038 vel
1723 1991 2042 2051 cognationis
2067 1989 2262 2052 legalis,
2291 1993 2384 2039 tri-

1304 2077 1422 2110 nam
1455 2065 1749 2110 citationem
1779 2064 1830 2109 in
1858 2063 2088 2110 censuris
2121 2076 2212 2124 per
2233 2061 2383 2124 judi·

1304 2148 1411 2181 cem
1445 2134 1749 2194 irrogandis,
1782 2138 1877 2181 etc.

1370 2206 1421 2250 14
1455 2206 1680 2252 Gratian.
1715 2206 1766 2251 in
1800 2206 1852 2254 C.
1887 2205 1931 2260 3,
1963 2204 2096 2252 Dist.
2128 2204 2171 2252 4.

1370 2278 1421 2321 15
1445 2277 1588 2323 Suar.
1614 2276 1699 2330 111,
1722 2278 1792 2330 16,
1814 2277 1855 2322 3.
1881 2277 1956 2322 Ex
1981 2276 2036 2324 c.
2058 2276 2382 2334 impostae.
2440 2340 2450 2342 ἡ
2484 2246 2514 2290 :ss

1303 2349 1534 2394 Praelat.
1569 2347 1708 2394 Tunc
1745 2348 1860 2407 quis
1888 2347 2034 2408 jubet
2070 2360 2187 2394 cum
2225 2347 2381 2395 alicui

1295 2419 1470 2480 J‘ubet;
1502 2423 1624 2465 tunc
1661 2421 1703 2465 ei
1733 2418 1878 2478 jubet
1900 2432 2016 2466 cum
2043 2420 2240 2467 directo
2260 2430 2375 2465 eum

1303 2491 1595 2550 alloquitur.

1365 2562 1419 2606 16
1438 2561 1580 2607 Suar
1601 2561 1682 2616 IV,
1709 2562 1777 2616 15,
1795 2561 1836 2606 3.
1860 2559 1959 2607 Sed
1983 2559 2216 2620 quaestio
2237 2559 2376 2615 olim.
2411 2622 2413 2626 ι

1300 2644 1391 2677 nec
1436 2631 1703 2678 mediocris
1745 2631 1843 2677 fuit
1876 2630 1951 2686 (V.
1994 2630 2140 2678 Reiff.
2183 2631 2224 2686 l,
2264 2629 2308 2687 2,
2347 2643 2390 2682 a,
2482 2667 2486 2674 .

1301 2717 1347 2748 n.
1389 2704 1505 2759 117),
1557 2707 1731 2748 utrum
1782 2701 1999 2748 subinde
2048 2701 2101 2747 in
2153 2699 2375 2760 singulis

1299 2786 1496 2833 quoque
1522 2773 1815 2831 provinciis,
1838 2775 1929 2818 aut
1952 2771 2269 2819 dioecesibus
2296 2784 2371 2818 es·

1299 2846 1413 2889 sent
1445 2843 1794 2902 publicandae,
1827 2841 1964 2901 quod
1998 2843 2069 2888 ita
2094 2842 2209 2902 jure
2230 2839 2373 2887 civili

1297 2913 1374 2973 (V.
1409 2915 1436 2972 ξ
1471 2913 1576 2965 201,
1607 2914 1677 2970 11)
1710 2916 1919 2959 cautum
1955 2914 2090 2968 erat;

1297 2998 1360 3031 ex
1393 2987 1445 3033 C.
1477 2986 1512 3030 l.
1542 2986 1615 3032 De
1644 2986 1873 3031 Concessa
1897 2985 2081 3031 Praeb.
2105 2985 2155 3029 et
2182 2996 2245 3028 ex
2269 2995 2369 3030 usu

1298 3069 1533 3102 romanae
1567 3056 1752 3101 curiae.
1784 3055 1909 3102 Mihi
1955 3053 2080 3100 haec
2120 3053 2374 3114 posterior

1296 3127 1614 3173 communior
1661 3126 1921 3172 sententia
1958 3125 2123 3171 verior
2170 3135 2371 3184 semper

1297 3199 1408 3244 visa
1441 3199 1541 3243 est:
1589 3200 1638 3242 et
1682 3211 1743 3242 ex
1787 3209 1887 3256 quo
1926 3208 2230 3255 responsum
2270 3193 2374 3248 fuit

1296 3282 1323 3314 a
1367 3268 1415 3314 S.
1462 3269 1740 3314 Poenitent.
1784 3268 1868 3313 die
1910 3268 1938 3312 8
1982 3265 2190 3312 Novem.
2237 3264 2369 3321 1821,

1295 3342 1469 3389 Const.
1488 3341 1750 3386 Ecclesiae
1772 3338 1847 3384 Pii
1874 3338 1991 3384 V11:
2020 3338 2070 3383 et
2092 3336 2175 3382 die
2199 3336 2257 3382 15
2275 3336 2366 3382 Ju-

1294 3411 1366 3456 nii
1385 3411 1498 3456 1870
1514 3411 1684 3458 Const.
1699 3411 2020 3467 Apostolicae
2043 3409 2187 3454 Sedis
2201 3405 2278 3452 Pii
2297 3403 2370 3452 IX

1294 3482 1516 3542 obligare
1563 3480 1809 3541 postridie
1851 3481 1960 3541 ejus
2005 3475 2368 3540 publicationis

1294 3553 1482 3599 Romae
1498 3552 1675 3605 factae,
1694 3551 1747 3597 id
1763 3551 1985 3612 amplius
2004 3544 2366 3608 ambigendum

1293 3636 1394 3670 non
1431 3636 1541 3669 esse
1576 3620 1795 3670 videtur.

2124 2925 2188 2959 an
2220 2922 2372 2958 secus
2462 2907 2466 2914 “

2496 3631 2505 3639 1
2502 3148 2505 3150 .
2490 3010 2509 3029 .’
2503 2888 2511 2915 ,.
2485 2731 2510 2779 g--ss
2483 2687 2485 2689 ·
2487 2592 2490 2594 ·
2496 2496 2502 2507 ,Α
