2462 3996
155 137 279 192 veri
324 136 572 191 nominis
609 135 841 206 adoptio
880 138 1008 190 erat
1046 133 1179 207 (21).
1220 133 1481 206 Cumque
1520 72 1875 207 adoptiones
1889 111 2020 198 ΝΠ.

154 226 366 280 ductae
394 226 467 278 ab
498 226 606 279 hac
636 224 812 293 longe
841 223 1138 286 recedant,
1169 238 1281 278 non
1312 223 1602 279 immerito
1629 225 1961 283 dubitatum
1990 230 2100 292 est,
2129 242 2210 285 nu
2227 224 2290 280 ³⁴·-
2308 231 2332 303 ’,ζ

154 314 240 370 eis
278 314 502 368 oriatur
541 313 815 381 cognatio
843 312 1059 382 legalis
1096 311 1270 383 (quae
1303 312 1584 368 videlicet
1623 314 2060 371 matrimonium
2098 302 2454 382 dirim.'²'²·,‘2s

151 402 449 458 sententia
470 402 826 456 communior
841 402 1113 467 affirmat,
1137 417 1210 455 ex
1233 416 1509 472 responso
1531 401 1584 457 S.
1601 401 1826 458 Poenit.
1849 405 1916 459 17
1936 402 2380 491 Maiilszo(22);
2430 390 2434 395 ⁴

150 493 344 547 minus
366 491 685 546 communis
707 493 904 559 negat,
928 491 1068 561 quia
1094 491 1367 560 cognatio
1391 490 1603 560 legalis
1626 506 1701 546 ex
1723 506 1792 547 eo
1807 493 1946 563 jure
1966 493 2162 550 metiri
2186 480 2381 562 debet,

150 597 223 636 ex
273 596 384 651 quo
425 580 481 634 iu
515 581 616 649 jus
656 580 1002 635 canonicum
1044 580 1278 635 transiit
1321 581 1451 653 (23).
1494 579 1653 643 Mihi,
1705 580 1860 636 inter
1897 582 2275 653 adoptantem
2317 584 2390 640 οἱ·
2441 589 2462 613 ·“

147 669 487 739 adoptatum
526 669 663 723 oriri
706 685 936 739 semper
963 686 1037 724 ex
1057 670 1192 739 jure
1219 668 1563 741 (canonico),
1594 670 1793 725 verius
1821 674 1931 733 est
1960 671 2174 743 quippe
2213 673 2265 728 is
2293 671 2382 730 ini

147 759 505 827 agnascitur.
537 760 680 813 Item
709 760 770 814 et
800 759 956 814 iuter
996 759 1206 815 fratres
1237 760 1554 814 tenendum
1585 762 1751 829 puto;
1784 775 1899 815 non
1932 776 2006 816 ex
2030 763 2168 831 jure
2194 759 2391 863 (civili

151 849 301 919 quod
356 848 461 903 has
515 850 751 917 nuptias
803 847 1004 920 vetat),
1045 848 1147 904 sed
1190 863 1263 903 ex
1310 849 1535 904 ratione
1582 849 1734 918 Juris
1773 846 2104 923 (canonici):
2154 832 2406 912 scilicet»

147 939 456 1008 adoptatus
499 938 859 1008 plerumque,
889 954 962 993 ex
991 937 1243 1008 receptis
1285 938 1556 1001 moribus,
1586 938 1801 993 transit
1837 938 1898 993 in
1927 938 2175 1005 domum,
2204 941 2266 998 et
2299 940 2383 998 fa·

147 1023 367 1078 miliam
394 1024 748 1093 adoptantis:
782 1025 925 1079 haec
947 1027 1143 1079 autem
1174 1023 1450 1091 cognatio
1481 1023 1610 1078 ideo
1639 1027 1700 1078 et
1731 1024 1886 1079 inter
1914 1039 2014 1080 eos
2042 1025 2387 1095 introducta,

147 1278 279 1326 Sane
297 1279 347 1326 S.
368 1279 421 1327 C.
442 1278 512 1324 De
531 1279 607 1324 Pr.
630 1278 705 1325 Fi.
728 1279 973 1332 consulta,
994 1292 1057 1324 an
1090 1291 1210 1325 eon-

146 1349 436 1396 traheretur
479 1363 539 1394 ex
580 1349 846 1409 adoptione
889 1350 1017 1396 inita
1061 1350 1214 1409 Juxta

147 1420 286 1480 leges
332 1420 582 1480 Tonghini
631 1420 974 1476 occidentalis,
1007 1434 1136 1481 quae
1186 1434 1215 1467 a

142 1492 255 1551 jure
288 1492 544 1538 communi
582 1491 860 1551 plurimum
895 1491 1103 1546 distant,
1140 1505 1218 1538 re-

148 1562 357 1622 spondit
388 1563 622 1622 negative
651 1561 830 1608 141an.
863 1562 983 1608 1802.
1009 1562 1215 1612 Collect.

147 1646 198 1679 n.
219 1633 322 1678 869.

207 1704 258 1749 21
284 1702 342 1750 V.
360 1703 543 1750 Sanch.
571 1705 632 1749 M.
653 1704 748 1759 Vn,
771 1705 842 1759 63,
866 1705 909 1752 9.
941 1704 1118 1765 Laym,
1141 1707 1216 1752 De

148 1774 310 1823 Matr.
336 1774 385 1820 P.
419 1775 499 1829 IV,
521 1776 576 1822 C.
602 1775 703 1828 vn,
725 1790 775 1821 n.
797 1777 837 1821 3.
863 1776 1110 1824 Schalmz.
1134 1776 1214 1831 lv,

154 1845 306 1900 12,19.
323 1845 513 1891 Pirhin.
533 1846 608 1899 IV,
627 1848 693 1902 12,
711 1851 753 1893 4.
772 1846 818 1893 S.
832 1846 1067 1907 Alph.V1,
1086 1847 1211 1892 1027.

149 1916 367 1972 Scilicet,
400 1917 493 1963 hoc
531 1918 662 1977 Jure,
691 1920 778 1977 qui
820 1918 1090 1978 adoptatur
1132 1919 1212 1964 his

147 1990 349 2034 tantum
395 1990 704 2046 agnascitur,
745 1988 931 2048 quibus
964 1994 1211 2049 cognatus

148 2059 208 2104 fit
241 2059 315 2116 (L.
345 2060 397 2103 12
432 2064 460 2113 g
488 2062 583 2106 Ult.
610 2061 684 2107 De
717 2062 815 2106 Rit.
847 2063 1055 2117 Nupt.)‚·
1081 2061 1213 2106 idest

150 2131 279 2189 patri
315 2130 565 2190 adoptivo,
600 2134 649 2175 et
681 2130 763 2176 his
794 2131 879 2190 qui
915 2130 1010 2176 sub
1049 2131 1214 2190 patria

145 2202 395 2259 potestate
444 2202 552 2246 eius
599 2206 721 2246 sunt
767 2202 842 2257 (L.
882 2202 942 2246 55
989 2203 1063 2248 De
1107 2203 1212 2247 Ric.

149 2273 341 2329 Napai.
368 2271 523 2318 Aliud
559 2274 740 2331 putant
774 2272 928 2318 Tolet.
972 2273 1114 2319 Pont.
1147 2272 1211 2318 M.

146 2341 240 2393 vn,
259 2343 378 2402 Cap.
398 2346 439 2388 4.
460 2343 694 2397 Reiff,1V,
721 2343 784 2398 12,
808 2344 877 2396 10,
900 2357 961 2389 ex
983 2343 1037 2389 L.
1064 2345 1115 2388 14
1141 2346 1214 2390 De

148 2414 275 2459 Ritu
307 2419 451 2471 nupt.
483 2415 547 2458 Et
580 2417 712 2459 recte
746 2414 854 2471 (sed
887 2428 984 2460 non
1019 2428 1079 2459 ex
1117 2414 1211 2460 hac

148 2484 272 2544 lege.
285 2483 342 2530 V.
359 2488 460 2530 not.
477 2486 527 2528 21
553 2486 602 2531 in
619 2486 664 2532 fi.
678 2499 686 2536 ›
702 2487 800 2532 nisi
816 2486 938 2531 haec
955 2485 1211 2530 turbasset

146 2555 456 2602 lastinianus
486 2562 534 2611 <g
557 2559 629 2612 51,
654 2572 699 2602 n.
724 2560 815 2609 34).
839 2558 904 2602 Et
938 2556 1210 2616 probabilis

147 2627 335 2672 uostris
364 2627 486 2673 ha'ec
509 2629 764 2674 sententia
786 2632 863 2674 est
883 2628 1054 2685 (Salm.
1074 2628 1116 2679 9,
1142 2628 1210 2680 12,

147 2697 241 2754 4Ο);
266 2701 315 2742 et
342 2697 390 2744 S.
414 2699 466 2746 C.
484 2698 535 2746 C.
562 2700 612 2744 in
635 2699 814 2745 celebri
839 2701 1078 2744 Hor-tana
1113 2699 1209 2743 Di·

147 2772 497 2824 spensationis
526 2770 587 2814 25
620 2771 756 2830 Sept.
788 2771 897 2815 1734
940 2771 1020 2816 his
1054 2771 1207 2815 adhe-

148 2840 278 2884 sisse
296 2841 496 2887 videtur
515 2843 774 2898 (Thesaur.
799 2843 1006 2888 Resolut
1024 2842 1106 2887 To.
1127 2841 1212 2897 VI,

149 2923 197 2967 p.
221 2909 339 2963 364).
362 2911 456 2956 Cui
490 2913 712 2971 proinde,
748 2917 863 2958 ante
896 2916 1210 2959 contractum

150 2981 545 3034 matrimonium,
589 2985 788 3029 omnino
835 2983 1077 3030 standum
1119 2988 1208 3036 est,

151 3049 347 3095 Nostris
401 3056 449 3096 et
503 3054 791 3099 Canonistis
850 3056 1210 3100 comunissime

152 3120 333 3178 triplex
379 3126 454 3166 est
509 3126 738 3182 cognatio
791 3126 982 3183 legalis,
1031 3137 1209 3183 nempe

153 3191 444 3246 paternitas,
507 3193 807 3247 fraternitas,
873 3199 921 3240 et
974 3195 1208 3241 affinitas.

152 3257 208 3301 V.
245 3259 359 3304 Tab.
385 3262 427 3306 6.
463 3263 760 3309 Paternieas
804 3265 854 3309 in
896 3265 1030 3311 linea
1076 3269 1212 3312 recta

153 3330 283 3374 inter
315 3331 634 3390 adoptantem
670 3338 718 3377 et
751 3334 1044 3393 adoptatum
1072 3339 1128 3388 (c,
1153 3342 1212 3391 r),

153 3399 474 3460 adoptatique
492 3402 671 3448 liberos
689 3407 756 3457 (u.
773 3407 978 3463 v)‚quos
997 3406 1040 3450 is
1060 3406 1212 3451 habet

153 3470 202 3513 in
223 3475 470 3527 potestate
490 3472 560 3521 (L.
581 3474 636 3516 27
658 3475 729 3519 De
746 3475 867 3517 Rieu
884 3477 1061 3530 Nape).
1083 3479 1209 3521 Fra-

156 3542 447 3594 ternitas,in
465 3542 680 3601 obliqua,
702 3545 829 3588 inter
848 3544 1140 3602 adoptatum
1160 3549 1210 3590 et

153 3606 333 3655 liberos
366 3612 666 3671 adoptantis,
707 3614 812 3657 sive
856 3614 1109 3672 legitimos
1160 3619 1209 3660 et

1306 1278 1562 1325 naturales
1605 1278 1671 1337 (h,
1708 1282 1764 1338 r),
1804 1279 1938 1341 quod
1976 1294 2121 1328 nomo
2154 1281 2382 1340 dubitat;

1315 1349 1420 1395 sive
1438 1350 1691 1411 legitimos
1711 1354 1912 1399 tanturn
1937 1351 2024 1411 (m,
2045 1355 2100 1408 r).
2119 1352 2214 1411 (Ex
2231 1353 2289 1402 1..
2305 1354 2383 1402 23.

1316 1421 1390 1468 De
1403 1423 1708 1480 Adoption.);
1723 1421 1855 1482 quod
1875 1421 2044 1468 Nostri
2059 1425 2380 1473 communius

1315 1494 1502 1551 negant
1530 1491 1852 1548 (Sanch.V11‚
1884 1490 1960 1548 63,
1990 1492 2093 1551 28);
2125 1506 2224 1540 non
2257 1494 2379 1542 item

1314 1575 1430 1608 cum
1458 1561 1758 1621 illegitimis,
1782 1576 1871 1610 nec
1900 1575 2014 1610 cum
2048 1564 2380 1624 emancipatis

1316 1634 1385 1689 (n,
1400 1635 1464 1689 o),
1478 1645 1567 1679 nec
1586 1646 1700 1679 cum
1719 1632 1978 1690 fratribus,
1995 1637 2085 1680 aut
2107 1634 2383 1694 sororibus,

1316 1707 1405 1749 aut
1437 1704 1731 1764 parentibus
1755 1703 1848 1761 (Ex
1873 1705 1954 1751 cit.
1978 1703 2033 1751 L.
2057 1706 2130 1759 23,
2154 1705 2302 1753 Vinn.
2325 1706 2379 1753 in

1314 1776 1374 1829 §l
1399 1788 1444 1819 n.
1462 1777 1502 1819 3.
1526 1775 1602 1821 De
1619 1776 1797 1831 Nupt.)
1831 1777 2134 1833 adoptantis
2161 1776 2226 1835 (b,
2247 1790 2289 1832 e,
2317 1780 2379 1829 a).

1316 1845 1413 1893 Sed
1433 1847 1612 1904 affinis
1627 1844 1927 1904 (adoptato),
1943 1845 2082 1893 adsit
2097 1847 2380 1895 reverentia

1316 1930 1445 1971 vero,
1468 1919 1679 1963 omnino
1710 1918 1766 1962 in
1789 1930 1849 1964 ea
1872 1916 2091 1974 familia
2109 1929 2259 1966 nemo
2274 1922 2379 1965 ert:

1314 1987 1387 2045 (L.
1410 1989 1453 2039 4,
1479 1989 1506 2045 g
1541 1986 1706 2047 penul.
1741 1988 1816 2035 De
1856 1987 2059 2034 Gradib.
2094 1986 2301 2035 Gonzal.
2325 1989 2380 2036 in

1313 2059 1364 2107 C.
1386 2072 1468 2103 un.
1488 2071 1533 2103 n.
1551 2059 1594 2104 9.
1620 2059 1694 2104 De
1714 2060 1863 2117 Goon.
1882 2059 2087 2116 leyalin
2108 2057 2221 2107 ideo
2235 2058 2380 2107 nulla

1314 2143 1523 2188 prorsus
1547 2128 1870 2175 necessitudo
1909 2128 2227 2175 contrahitur
2244 2129 2381 2182 inter

1316 2200 1640 2259 adoptantem
1675 2203 1724 2245 et
1748 2212 1955 2245 uxorem
1981 2198 2209 2259 adoptati
2231 2202 2293 2256 (e,
2312 2197 2391 2266 ι),ζ
2416 2258 2417 2261 ¹

1314 2284 1403 2316 nec
1427 2272 1558 2316 inter
1590 2270 1887 2329 adoptatum
1915 2273 1963 2315 et
1996 2281 2204 2316 uxorem
2226 2268 2429 2330 adop-'²‘
2456 2268 2459 2270 ’

1314 2341 1472 2387 tantis
1507 2343 1570 2397 (r,
1603 2340 1680 2397 d):
1715 2340 1848 2395 licet,
1880 2340 1973 2386 hoc
2006 2340 2129 2396 iure,
2173 2341 2380 2400 nuptiae

1315 2413 1446 2456 inter
1469 2426 1553 2457 eos
1586 2412 1660 2470 (L.
1685 2411 1753 2456 14.
1773 2413 1845 2459 De
1862 2413 1990 2457 Ritu
2010 2412 2202 2468 Nupt.),
2229 2413 2383 2472 prout
2426 2418 2430 2424 '

1315 2483 1445 2528 inter
1494 2482 1806 2541 adoptatum,
1844 2484 1895 2527 et
1941 2493 2160 2527 sororem
2197 2481 2272 2537 (L.
2310 2481 2380 2536 12,

1314 2553 1366 2598 in
1392 2554 1438 2598 fi.
1457 2554 1677 2610 Eodem),
1698 2551 1776 2597 vel
1795 2553 2018 2604 amitam,
2036 2553 2127 2598 aut
2146 2551 2382 2598 materte-

1314 2638 1420 2670 ram
1444 2625 1493 2682 (ξ
1530 2626 1566 2670 1
1599 2625 1674 2671 De
1704 2625 1877 2680 Nupt.)
1919 2621 2222 2682 adoptantis,
2255 2634 2376 2669 con-

1313 2699 1448 2741 stare
1481 2709 1580 2741 non
1614 2695 1825 2755 possint.
2387 2690 2390 2694 ’

1373 2766 1432 2811 22
1463 2766 1673 2821 Carrier,
1696 2766 1926 2819 Bouvier,
1948 2764 2059 2819 809,
2083 2762 2286 2811 Scavini
2307 2761 2377 2818 111,

1313 2839 1426 2891 785;
1458 2837 1549 2883 Del
1585 2837 1796 2884 Giovine
1829 2837 1904 2882 De
1938 2837 2236 2893 Dispensat.
2264 2834 2380 2881 Ma·

1313 2911 1448 2954 erim.
1469 2908 1551 2952 Το.
1576 2908 1608 2960 I,
1633 2909 1660 2964 ξ
1687 2907 1789 2959 221,
1810 2907 1863 2961 53
1890 2905 1963 2951 De
1986 2903 2196 2965 Angelis
2218 2905 2381 2953 Prae-

1314 2982 1421 3027 lecc.
1451 2978 1573 3024 Can.
1597 2977 1673 3032 IV,
1696 2978 1747 3029 11,
1775 2977 1817 3022 3.
2289 3035 2295 3040 .

1372 3051 1433 3096 23
1449 3051 1632 3105 Andre,
1650 3049 1865 3103 Corbier,
1885 3048 2026 3107 Gury
2046 3048 2098 3102 11,
2115 3047 2219 3094 809.
2240 3045 2378 3096 Haec

1313 3123 1567 3168 sententia
1598 3134 1660 3166 ex
1690 3122 1805 3179 ,iure
1838 3120 2002 3165 verior
2034 3117 2247 3164 videtur.
2281 3114 2379 3163 Ve-

1312 3205 1424 3237 rum
1444 3193 1577 3252 quia,
1600 3191 1784 3236 nedum
1809 3189 1857 3236 S.
1879 3189 2067 3236 Poenit.
2089 3201 2179 3248 pro
2200 3186 2378 3242 Gallis,

1313 3262 1401 3309 sed
1426 3263 1669 3321 Suprema
1692 3272 1886 3320 quoque
1917 3259 2158 3318 congreg.
2186 3257 2239 3317 S.
2259 3256 2315 3305 U.
2338 3254 2376 3305 Ι.

1311 3334 1370 3377 23
1400 3332 1524 3378 febb.
1556 3332 1685 3387 1853,
1708 3331 1840 3376 idem
1862 3329 2062 3377 censuit
2086 3342 2174 3389 pro
2203 3327 2376 3388 Regno

1312 3404 1579 3463 utriusque
1612 3401 1831 3458 Siciliae,
1865 3399 2134 3447 dicendum
2161 3399 2402 3446 fortasse.

1313 3474 1528 3528 videtur,
1564 3472 1614 3520 S.
1635 3471 1812 3518 Sedem
1846 3471 1997 3518 tacite
2029 3469 2267 3530 probasse
2294 3481 2379 3516 eo-

1311 3546 1602 3604 gnationem
1618 3542 1700 3588 his
1716 3542 1914 3602 legibus
1935 3539 2288 3596 introductam,
2309 3548 2377 3584 ne
2461 3567 2462 3570 =

1318 3614 1639 3660 matrimonia
1670 3612 2099 3673 perturbarentur.
