2548 4042
2095 0 2163 15 ’ψ’--
2196 0 2269 23 ⁷12·
2291 0 2345 29 pp-

168 21 271 78 330
404 43 528 81 rins
564 43 764 84 vuius·
741 29 1199 85 -rnoneeoiit'm-
1220 31 1389 87 mer.
1416 48 1480 86 vi.
1515 23 1594 88 nt
1617 49 1789 90 renuis
1825 51 1887 92 n·
1918 4 2159 94 cussonis
2213 37 2233 68 ³
2275 51 2281 58 ’

167 122 412 179 Praeter
441 128 540 180 lios
564 141 732 181 nemo
750 128 903 183 alius
931 129 1293 198 regulariter
1315 135 1505 200 potest
1522 147 1560 187 a
1580 134 1900 191 reservatis
1921 136 2229 195 absolvere
2253 131 2399 210 (41)··
2379 180 2394 205 ,
2374 94 2481 184 -ΙΙηὶΐ

167 228 241 267 ne
271 214 598 281 Regulares
619 216 853 286 quidem
880 216 1010 287 (42).
1040 219 1109 272 Et
1152 219 1296 274 haec
1337 221 1716 289 generaliter.
1746 223 1912 280 Nunc
1953 240 2213 283 seorsum
2241 243 2397 300 quae
2468 202 2548 290 ᾗ

165 302 234 355 de
265 317 641 359 censurarum
664 306 1032 361 absolutione
1065 308 1294 377 propria
1320 312 1493 364 sunt:
1524 310 1597 365 de
1627 314 1841 367 ceteris
1870 312 2093 383 (paucis
2122 316 2395 391 quidem),

166 405 316 459 quae
360 393 587 461 propria
626 398 765 448 suut
803 396 1184 451 absolutionis
1224 412 1260 451 a.
1302 399 1577 467 peccatis,
1623 400 1679 454 in
1715 402 1904 458 Tract.
1947 405 2025 458 De
2054 407 2395 462 Poenitoncia.

559 604 706 658 ART.
737 605 802 658 II.
833 604 879 657 A
914 623 1008 674 quo
1048 608 1171 659 dari
1199 610 1359 677 possit
1397 612 1647 663 absolutio
1687 629 1719 663 a
1760 617 1998 666 censuris

238 753 366 807 345.
408 752 654 820 Agimus
694 752 765 808 de
808 756 1069 810 censuris
1111 787 1130 795 -
1161 757 1297 825 Jure
1350 754 1479 830 (seu
1529 761 1812 815 canonico
1860 777 1964 817 seu
2024 763 2422 839 dioecesano)

167 842 317 904 latis,
354 847 413 897 et
444 843 763 899 reservatis
792 875 810 883 ·
834 846 910 897 De
935 849 1205 912 censurz's;
1238 862 1462 917 nempe,
1496 850 1703 905 stricta
1732 851 2183 920 significatione,
2212 859 2395 927 atque

167 932 311 994 ide0,
345 948 452 986 non
483 933 555 986 de
588 933 656 986 iis
684 949 835 1003 quae
869 934 1205 1005 irrogantur
1236 937 1290 990 iu
1323 938 1478 992 diem
1521 946 1765 1004 certam,
1799 942 1891 996 vel
1941 943 1994 996 in
2029 949 2395 1014 perpetuum,
2469 963 2473 968 ·

165 1022 258 1077 vel
298 1023 373 1077 ad
417 1023 845 1092 beneplacitum
878 1025 1192 1093 irrogantis
1228 1027 1310 1094 (V.
1334 1028 1370 1095 ἓ
1395 1026 1558 1099 358);
1592 1046 1760 1099 quae,
1805 1032 2180 1100 regulariter,
2207 1035 2282 1089 ab
2329 1049 2398 1090 eo

164 1114 395 1166 tantum
425 1113 645 1167 absolvi
681 1119 915 1183 possunt
945 1115 1041 1184 qui
1076 1116 1206 1170 illas
1236 1117 1390 1180 tulit,
1424 1118 1560 1173 licet
1603 1136 1802 1175 earum
1833 1123 2255 1179 absolutionem
2283 1124 2394 1180 sibi

165 1216 440 1271 expresse
492 1218 603 1255 non
651 1205 1043 1258 reservaverit
1077 1203 1168 1277 (1).
1211 1208 1347 1260 Jure
1389 1211 1519 1272 etc.,
1564 1226 1698 1263 nam
1746 1227 1899 1281 quae
1945 1213 2282 1283 irrogantur
2321 1215 2396 1269 ab

169 1292 417 1354 homine,
458 1293 583 1347 sive
628 1309 727 1361 per
770 1295 998 1348 modum
1039 1297 1372 1351 sententiae
1419 1300 1802 1367 particularis,
1852 1302 1977 1356 sive
2023 1317 2124 1373 per
2164 1304 2392 1359 modum

171 1382 486 1451 praecepti,
516 1383 899 1437 traslatitium
930 1387 1019 1438 est
1046 1386 1120 1438 ab
1152 1385 1523 1443 inferioribus
1562 1390 1783 1444 absolvi
1825 1407 1933 1445 non
1983 1408 2144 1461 posse
2172 1392 2265 1465 (2).
2296 1395 2399 1448 Ro·

164 1474 406 1534 sci-vatim
437 1472 657 1526 etenim
697 1488 732 1526 a
764 1489 874 1526 non
907 1475 1224 1529 reservatis
1253 1476 1498 1531 cuilibet
1527 1480 1895 1544 confessariO,
1938 1482 2062 1537 sive
2108 1484 2397 1553 propriae,

166 1561 291 1615 sive
331 1561 562 1616 alienae
604 1563 888 1617 dioecesis
928 1564 1233 1620 absolvere
1277 1566 1476 1620 datum
1518 1574 1622 1623 est.

242 1652 367 1706 346.
400 1651 691 1722 Principio
721 1652 921 1721 igitur,
951 1668 1084 1707 cum
1125 1669 1294 1710 nemo
1328 1658 1555 1713 solvere
1585 1660 1782 1728 possit,
1815 1662 1924 1716 nisi
1958 1663 2005 1718 is
2033 1663 2132 1735 qui
2171 1662 2402 1733 ligavit,

168 1916 342 1949 casum
370 1903 622 1949 occultum
661 1904 711 1949 R.
740 1903 815 1956 P.;
853 1907 941 1948 aut
974 1903 1079 1950 Vic.
1112 1904 1235 1952 Gen.

167 1974 404 2035 Episcopi
454 1975 505 2019 in
546 1988 720 2020 casum
764 1974 826 2021 ab
866 1975 1111 2034 Episcopo
1153 1990 1230 2021 re·

166 2051 425 2092 servatum
455 2072 474 2081 ·
502 2051 590 2091 aut-
608 2047 869 2105 parochus,
902 2051 981 2092 cui
1007 2046 1128 2093 data
1156 2051 1235 2093 est

167 2116 385 2163 facultas
419 2116 710 2163 absolvendi
749 2132 777 2161 a
813 2118 1082 2162 reservatis
1107 2123 1235 2162 tem-

169 2203 286 2248 pore
319 2189 559 2249 paschali,
582 2190 631 2234 in
657 2203 830 2235 casum
860 2190 967 2234 sive
1002 2188 1089 2237 illi.
1123 2189 1232 2234 sive

168 2261 289 2305 huic
333 2264 659 2312 reservatum,
709 2260 979 2305 inciderint
1029 2258 1233 2315 (Sancb.

169 2331 231 2376 M.
261 2330 389 2383 VIII,
408 2337 448 2381 3,
475 2345 503 2377 a
526 2345 571 2375 n.
597 2332 637 2375 8.
662 2330 834 2390 Laytn.
856 2332 929 2379 De
946 2330 1088 2376 Sacr.
1112 2331 1236 2376 Poe-

170 2403 263 2448 nit.
294 2403 357 2451 10,
389 2404 453 2447 17.
477 2401 639 2450 Cabri.
667 2401 777 2447 Res.
811 2405 877 2454 18,
908 2401 992 2461 19).

230 2474 280 2517 41
313 2474 385 2518 Ex
409 2474 579 2521 Const.
605 2473 751 2532 Greg.
776 2473 910 2518 XIII.
940 2473 1067 2519 Cum
1096 2487 1128 2518 a
1151 2485 1232 2518 sa-

169 2556 293 2596 cra,·
326 2548 375 2587 et
403 2542 541 2588 Decr.
577 2544 728 2591 Clem.
764 2544 897 2589 VIII.
925 2544 976 2588 V.
1011 2545 1058 2591 S.
1085 2545 1234 2604 Alph.

171 2613 277 2667 VlI,
308 2614 378 2660 99.
414 2613 627 2674 Ideoque
663 2629 751 2661 nec
795 2617 1023 2661 canonici
1070 2617 1235 2675 poeni-

171 2687 391 2734 tentiarii
411 2686 479 2742 (S.
504 2686 554 2732 C.
581 2686 632 2733 C.
656 2687 683 2730 6
700 2686 822 2732 Julii
854 2688 979 2731 1647.
1004 2686 1058 2732 V.
1083 2688 1129 2734 S.
1153 2688 1233 2732 Al·

170 2758 348 2818 phons.
373 2756 451 2809 VI,
486 2758 616 2812 599„
654 2771 742 2803 nec
769 2758 825 2807 is,
851 2759 938 2817 qui
973 2773 1000 2803 a
1034 2758 1082 2804 S.
1107 2759 1235 2804 Sede

169 2828 462 2875 facultatem
496 2827 715 2874 obtinuit
755 2829 1047 2875 absolvendi
1086 2843 1114 2874 a
1147 2843 1231 2874 ca-

171 2899 329 2949 sibus,
351 2902 506 2944 etiam
529 2898 583 2943 R.
617 2898 680 2951 P.,
714 2901 984 2945 reservatis
1020 2900 1118 2955 (Ex
1144 2900 1235 2945 Be-

170 2970 280 3016 ned.
317 2968 443 3014 XIV.
480 2970 531 3015 C.
557 2970 670 3014 Pias
703 2969 1144 3023 christifidelium,
1178 2971 1235 3014 20

173 3044 301 3098 Aug.
332 3040 457 3086 1752.
483 3040 531 3085 S.
559 3040 704 3099 Alph.
729 3040 807 3087 VI,
833 3042 956 3091 594).

233 3113 290 3155 42
324 3113 466 3157 Alex.
503 3111 606 3164 vn,
648 3113 714 3156 l2.
738 3111 898 3159 Cabri.
927 3111 1035 3159 Lib.
1065 3113 1100 3158 1.
1126 3114 1235 3159 ROS.

174 3183 246 3234 40,
268 3185 338 3227 41.
362 3184 422 3227 Et
456 3184 514 3227 de
549 3183 750 3229 casibus
775 3183 836 3228 ab
864 3184 990 3243 ipsis
1013 3183 1233 3231 Ordina-

173 3254 263 3298 riis
288 3256 554 3299 reservatis
590 3255 668 3299 (de
702 3255 970 3300 reservatis
997 3255 1052 3301 R.
1081 3255 1128 3299 P.
1155 3255 1232 3300 di-

173 3337 283 3369 cam
322 3329 515 3383 postea)
559 3324 755 3369 definiti
790 3326 922 3384 juris
962 3330 1042 3370 est
1073 3326 1236 3373 (θεον.

173 3394 327 3442 Clem.
353 3394 569 3446 V111‚26
602 3394 720 3440 Nov.
763 3397 885 3439 1602.
917 3395 1123 3442 Salrnat.
1169 3397 1231 3449 10,

173 3466 214 3519 2,
248 3466 318 3510 40.
355 3465 402 3511 S.
431 3465 576 3524 Alph.
612 3465 717 3518 VII,
751 3466 821 3518 98,
857 3466 944 3521 99).
972 3467 1235 3524 Quaestio-

173 3537 251 3581 nis
302 3540 392 3588 est,
443 3541 611 3580 utrum
665 3537 919 3582 absolvere
964 3541 1161 3596 possint
1208 3552 1236 3583 a

175 3608 445 3652 reservatis
481 3606 746 3655 Ordinario
782 3623 808 3653 a
834 3608 962 3667 jure,
1007 3609 1081 3654 vel
1121 3621 1235 3655 con-

175 3677 464 3722 suetudine:
508 3691 627 3723 nam
664 3678 747 3722 alii
799 3684 1000 3738 negant,
1047 3679 1132 3724 alii
1168 3678 1236 3725 af-

175 3747 395 3793 firmant.
419 3748 476 3795 V.
498 3748 648 3796 Croix
682 3748 758 3805 Vl,
792 3749 854 3803 II,
883 3750 1007 3795 1628.
1042 3750 1234 3810 Negan-

1338 1896 1466 1943 tium
1504 1900 1756 1946 sententia
1804 1901 1924 1947 mihi
1967 1902 2169 1949 videtur
2214 1905 2393 1950 verior:

1338 1970 1704 2029 nempe.quoad
1726 1974 1830 2024 illa,
1851 1986 1910 2018 ex
1931 1973 2073 2020 Decr.
2088 1973 2229 2020 Pauli
2252 1974 2306 2020 V.
2322 1988 2401 2035 ap.

1338 2037 1385 2084 S.
1411 2040 1559 2099 Alph.
1584 2055 1627 2086 n.
1651 2043 1727 2094 96,
1759 2057 1857 2103 quo
1883 2048 2114 2090 vetantur
2139 2044 2395 2092 absolvere

1339 2123 1373 2155 a
1397 2114 1605 2158 casabus
1627 2117 1816 2161 eisdem
1841 2117 2160 2171 ordinariis,
2181 2121 2258 2164 vel
2279 2116 2403 2165 Secti

1337 2184 1654 2238 Apostolieae
1701 2190 2014 2233 reservatis:
2061 2188 2227 2249 quoad
2262 2191 2404 2245 haec,

1337 2266 1398 2297 ex
1423 2255 1534 2313 ipsa
1557 2258 1940 2304 consuetudinis
1967 2263 2164 2313 natura,
2185 2268 2314 2320 quae
2337 2273 2399 2306 ex

1337 2323 1720 2373 ordinariorum
1766 2328 2019 2375 voluntate
2061 2334 2399 2392 praesumpta,

1339 2396 1416 2440 vel
1450 2397 1834 2457 interpretativa
1867 2401 2068 2447 initium
2113 2403 2262 2462 capit.
2298 2401 2396 2448 Ve-

1339 2480 1446 2512 rum
1482 2470 1602 2528 quia
1635 2470 1993 2518 affirmantium
2013 2474 2265 2520 sententia
2289 2487 2400 2534 pro-

1338 2537 1532 2592 babilis,
1565 2541 1718 2587 immo
1751 2542 1798 2588 S.
1829 2544 1972 2602 Alph.
2002 2558 2045 2589 n.
2063 2545 2136 2591 99.
2169 2544 2396 2604 probabi·

1336 2609 1430 2654 lior
1448 2611 1660 2663 videtur,
1681 2612 2018 2660 dubitandum
2042 2628 2141 2661 non
2164 2619 2255 2671 est,
2275 2615 2400 2676 quin

1338 2683 1448 2726 tuto
1482 2695 1538 2728 ac
1571 2683 1707 2729 licite
1742 2686 1941 2743 possint
1973 2687 2023 2742 (g
2062 2687 2134 2739 b'O,
2169 2687 2262 2740 77).

1405 2754 1418 2795 1
1445 2753 1647 2798 Navarr.
1674 2756 1745 2808 27,
1779 2757 1884 2811 162;
1906 2757 1977 2805 Cf.
2001 2757 2144 2804 Suar.
2167 2757 2242 2811 29,
2272 2759 2309 2813 1,
2332 2757 2400 2804 16.

1335 2826 1462 2871 Nam
1496 2830 1767 2872 reservatio
1801 2828 1936 2873 inest
1968 2830 2144 2882 tacite;
2185 2831 2247 2881 et,
2282 2831 2396 2888 post

1337 2899 1508 2944 Const.
1527 2902 1573 2942 A.
1593 2898 1755 2951 Sedis,
1774 2898 1835 2943 de
1857 2900 2123 2944 reservatis
2144 2898 2200 2946 R.
2224 2898 2274 2945 P.
2291 2911 2396 2945 am·

1335 2968 1472 3028 plius
1506 2968 1841 3014 dubitandum
1878 2982 1973 3014 non
2013 2973 2106 3014 est.

1397 3042 1425 3084 2
1458 3040 1531 3084 Ex
1556 3041 1606 3088 C.
1635 3039 1692 3083 29
1731 3041 1804 3085 De
1830 3040 1874 3085 S.
1895 3042 1950 3086 Ε.
1975 3039 2031 3084 V.
2060 3039 2203 3086 Suar.
2230 3039 2336 3096 VII,
2356 3040 2398 3086 2.

1336 3113 1634 3169 Quaesitum
1670 3115 1762 3163 est,
1799 3125 1861 3156 an
1903 3111 2160 3156 inferiores
2199 3112 2404 3171 possint

1338 3181 1593 3229 absolvere
1619 3195 1646 3227 a
1679 3183 1906 3227 censuris
1941 3182 2059 3227 latis
2093 3196 2181 3242 per
2203 3187 2402 3230 senten·

1340 3257 1468 3298 ciam
1491 3256 1843 3300 universalem
1868 3252 1940 3306 (V.
1958 3258 1985 3308 ἓ
2001 3254 2102 3307 301,
2121 3254 2190 3308 6›:
2211 3256 2400 3313 negant

1336 3325 1534 3383 Ugolin.
1557 3324 1704 3383 Vasq.
1725 3324 1866 3370 Suar.
1898 3327 1938 3378 7,
1964 3325 2008 3377 2,
2031 3324 2101 3378 22,
2126 3326 2218 3371 etc.
2250 3324 2399 3384 quasi

1335 3395 1455 3440 latis
1488 3397 1553 3441 ab
1574 3398 1803 3442 homine.-
1837 3395 2088 3441 affirmant
2121 3394 2275 3440 Tolet.
2303 3393 2402 3439 Na·

1336 3480 1463 3511 varr.
1486 3466 1658 3525 Laym.
1686 3467 1803 3526 Cap.
1832 3465 1937 3521 VII,
1972 3466 2022 3520 33
2052 3466 2213 3512 Diana
2234 3465 2317 3511 To.
2343 3463 2404 3510 V.

1339 3538 1439 3583 Lib.
1466 3540 1502 3583 l.
1531 3538 1642 3584 Res.
1667 3539 1744 3589 933
1773 3537 1890 3598 ibiq.
1914 3537 1993 3586 Sa.
2027 3538 2270 3589 Hurtado‚
2307 3539 2403 3581 etc.

1335 3610 1482 3670 quasi
1506 3610 1624 3655 latis
1649 3611 1850 3664 ajure,·
1868 3607 2000 3667 quod
2020 3608 2098 3654 vel
2122 3609 2231 3667 ipse
2257 3606 2402 3658 Suar.

1337 3694 1381 3725 n.
1426 3681 1498 3735 23,
1541 3679 1794 3738 probabile
1837 3682 2002 3738 putat,
2046 3680 2097 3724 et
2136 3680 2392 3736 receptum

1335 3763 1447 3796 esse
1482 3754 1716 3795 testatur.
