2548 4042
133 10 236 68 150
549 28 676 68 mas
710 26 916 68 rain-
890 19 1360 65 -raomaontm-
1378 0 1555 64 rator.
1559 0 1647 64 ti.
1667 14 1737 67 xix
1755 0 1994 74 fflffiffi‘
1986 0 2167 87 35²²(

127 113 415 178 manebit,
455 127 558 181 pro
604 125 721 183 qua
762 110 883 165 lata
928 109 1063 172 suit:
1107 107 1217 165 nisi
1253 108 1410 179 prius
1450 108 1597 164 forto
1636 109 1980 194 abrogetur,
2017 87 2112 167 vel
2134 80 2320 169 obsi>⁴
2391 162 2466 254 δι’.

131 210 257 258 scat
284 202 414 270 (15).
444 202 619 255 Porro
659 201 803 255 illud
832 200 1137 255 verbum·
1103 200 1371 266 -jussum
1397 212 1596 253 Genus
1624 187 1983 256 definitionis
2018 210 2382 260 ιηιοιωωΜ·Ι
2366 214 2448 268 ,Νι
2436 199 2442 204 '

33 317 36 320 ·
130 307 263 346 ea·-
280 298 492 361 propter
517 292 764 343 bonum·
792 290 907 344 etc.
937 300 1360 349 conon-mun&
1392 302 1464 342 ea
1493 289 1727 343 demum
1754 295 2427 362 communapoaepetmm.
2429 287 2517 316 ·“

128 394 590 435 nmrmmrzrmu
630 395 804 450 quam
845 383 1061 432 vocant
1100 391 1376 431 mmmmm
1417 377 1777 432 delinitionis
1817 378 2153 435 ostendunt.
2448 366 2450 370 ’

208 471 332 525 162.
362 471 491 530 Sed,
523 472 837 538 utJ'ussum
883 469 1107 527 teneat,
1141 480 1383 521 necesse
1413 471 1502 520 est
1534 468 1597 519 ut
1628 466 1675 520 is
1708 465 1806 536 qui
1840 467 2026 536 jubet
2046 483 2156 523 non
2190 468 2383 524 solum

128 560 496 614 voluntatem
537 574 702 613 suam
747 558 966 628 prodat,
1009 557 1111 611 sed
1156 560 1221 611 ut
1266 556 1425 609 illam
1455 555 1542 611 eis
1575 555 1789 625 quibus
1820 556 1996 626 ,iubet
2034 557 2384 614 denunciet.

129 649 534 706 Denunciatur
590 650 792 703 autem
846 662 950 717 per
1011 645 1487 716 publicationem,
1540 660 1647 699 seu
1708 646 2238 715 promulgationem
2266 646 2414 718 (16)

132 740 345 796 factam
391 738 748 805 legislatoris
789 737 1041 801 nomine,
1071 740 1130 790 et
1172 736 1553 790 auctoiitate:
1586 750 1700 788 non
1743 735 2090 805 quamlibet,
2121 736 2379 807 inquam,

132 830 237 886 sed
279 843 600 896 congruam
643 827 787 890 sive,
830 828 897 880 ut
938 826 1119 893 vulgo
1160 826 1425 883 dicimus,
1467 827 1801 891 sufficientem
1827 823 1956 895 (17).
1999 825 2255 890 Scilicet,
2287 825 2384 882 lex

132 922 227 975 est
253 919 541 989 quaedam
582 919 783 985 rapula,
812 918 873 971 et
902 930 1178 970 mensura
1205 912 1263 986 (ἓ
1302 916 1420 975 159,
1452 915 1565 983 26);
1601 914 1811 983 regula
1839 917 2036 969 autem
2069 929 2179 970 non
2211 929 2388 986 regu·

132 1008 235 1070 lat,
271 1022 546 1063 mensura
576 1022 688 1060 non
731 1006 992 1069 metitur,
1021 1005 1131 1058 nisi
1163 1005 1495 1073 applicetur
1537 1003 1643 1066 his,
1686 1018 1838 1074 quae
1869 1003 2146 1072 regulari,
2189 1003 2385 1060 metiri
2481 1066 2485 1070 Α

131 1098 373 1162 debent;
419 1097 549 1150 ideo
593 1110 835 1150 necesse
867 1098 974 1157 est,
1018 1097 1081 1148 ut
1112 1095 1208 1148 lex
1237 1094 1500 1148 subditos
1529 1094 1817 1162 attingat;
1853 1093 2067 1163 attingit
2092 1100 2267 1148 autem
2286 1110 2388 1165 por

129 1184 542 1256 scientiamssss).
565 1186 834 1247 Proinde,
859 1187 923 1238 ut
952 1185 1046 1238 lex
1069 1184 1432 1238 sufficienter
1459 1183 1826 1252 promulgata
1849 1183 1963 1237 dici
1992 1184 2186 1253 possit,
2209 1184 2387 1239 debet

132 1291 264 1332 esse
305 1282 466 1339 certa,
492 1283 542 1329 ec
566 1277 850 1342 manasesta
875 1272 1016 1345 (19):
1049 1274 1441 1342 quamobrem,
1472 1273 1518 1327 si
1554 1288 1665 1326 non
1695 1275 1927 1327 constat
1961 1273 2033 1327 de
2065 1272 2387 1328 existentia
2512 1292 2548 1336 s,

129 1366 287 1434 legis
314 1363 435 1434 (lex
462 1360 710 1436 ineerta),
738 1363 832 1418 vel
865 1363 1019 1431 legis
1048 1362 1349 1417 sententia
1372 1363 1622 1416 obscura
1640 1364 1732 1417 est
1752 1360 1873 1431 (lex
1901 1363 2094 1430 dubia),
2124 1365 2185 1418 et
2213 1378 2276 1418 re
2304 1361 2388 1417 di-

137 1455 402 1525 ligenter
441 1454 768 1523 explorata,
810 1452 870 1505 in
915 1451 1089 1520 priori
1134 1465 1276 1505 casu
1330 1466 1444 1504 non
1486 1452 1770 1519 appareat
1820 1451 2016 1519 legem
2057 1452 2284 1516 extare,
2325 1450 2386 1506 in
2513 1458 2548 1501 ..i

129 1544 443 1615 posteriori
488 1557 779 1612 quaenam
820 1540 898 1595 sit
940 1540 1093 1609 legis
1133 1539 1434 1594 sententia
1461 1538 1597 1611 (20),
1639 1543 1831 1594 cessat
1880 1540 2034 1609 legis
2073 1539 2384 1610 obligatio:
2466 1530 2469 1532 ’

126 1634 266 1689 inde
308 1634 607 1689 axiomata
650 1633 749 1686 lex
790 1634 988 1685 incerta
1029 1647 1131 1683 non
1166 1636 1329 1699 potest
1367 1636 1560 1682 certam
1597 1632 1947 1698 obligationem
1973 1631 2219 1684 inducere
2243 1627 2383 1701 (21);

194 1782 250 1827 15
287 1782 363 1827 Ex
397 1785 425 1834 g
467 1781 514 1824 ll
565 1781 640 1827 De
669 1780 783 1824 Jur.
824 1781 935 1825 nac.
985 1782 1034 1824 ec
1070 1782 1208 1835 yent.

1379 1776 1433 1820 19
1455 1777 1508 1824 C.
1531 1777 1601 1821 25.
1629 1776 1686 1822 V.
1710 1779 1807 1823 Hic
1834 1781 2026 1824 autem.
2049 1778 2124 1824 De
2155 1779 2202 1824 V.
2228 1776 2274 1823 S.
2309 1774 2385 1827 ef.
2463 1780 2466 1781 ’
2500 1782 2548 1852 {Q

129 1853 275 1900 Suar.
310 1852 412 1898 Lib.
448 1850 487 1904 1,
521 1851 574 1899 C.
616 1851 680 1894 10.
719 1850 783 1895 Et
818 1849 928 1895 ideo
961 1862 1065 1907 qua
1098 1862 1207 1908 per-

1313 1848 1475 1893 Terill.
1513 1851 1585 1893 De
1623 1850 1792 1894 Conse.
1822 1849 2043 1896 Probab.
2074 1849 2165 1906 Qu.
2201 1848 2278 1903 23,
2313 1847 2386 1896 14.

126 1928 339 1985 petuum
375 1925 453 1967 est
487 1935 585 1967 non
628 1924 796 1967 cessat
838 1919 1062 1965 resoluto
1090 1921 1205 1978 jure

129 2006 240 2040 eam
274 1993 505 2041 fer—›ntisz
545 1994 594 2037 et
640 1991 873 2037 subditos
918 1993 1056 2035 tenet
1099 1991 1205 2035 sive

126 2067 420 2125 praesentes
465 2065 572 2109 sive
616 2062 816 2108 futuros
852 2062 1019 2119 (Suar.
1057 2075 1103 2106 n.
1141 2063 1203 2107 7).

130 2135 273 2193 Quod
308 2139 493 2185 autem,
526 2133 830 2193 generaliter
862 2133 1085 2193 quidem,
1115 2133 1204 2178 sed

128 2220 228 2252 non
262 2206 312 2251 in
349 2209 662 2264 perpetuum,
697 2204 869 2255 fertur,
905 2207 1077 2254 edicti,
1113 2207 1201 2250 de·

130 2279 279 2330 creti,
302 2279 411 2326 etc,
440 2275 593 2321 habet
627 2288 830 2321 nomen:
865 2277 914 2319 et
945 2274 1079 2334 quod
1115 2288 1204 2320 nec

132 2347 450 2408 generaliter,
500 2345 589 2391 sed
638 2345 859 2404 singulis
915 2345 1205 2405 imponitur,

126 2422 466 2477 prae-:emam
491 2418 689 2476 proprio
714 2416 913 2461 nomine
938 2416 1035 2461 dici
1057 2416 1202 2467 solet:

132 2487 195 2534 de
234 2501 332 2547 quo
373 2487 678 2547 propediem.
724 2488 957 2534 Ceterum
996 2486 1123 2546 legis
1158 2489 1209 2531 et

133 2557 304 2607 edicti,
328 2572 417 2602 seu
443 2558 645 2609 decreti,
670 2560 758 2603 aut
782 2557 954 2603 eadem
983 2571 1207 2615 prorsus,

133 2633 224 2676 aut
248 2642 373 2688 pene
397 2627 573 2674 eadem
607 2632 688 2674 est
720 2629 810 2673 vis.
835 2628 908 2686 (L.
934 2629 976 2673 3.
1005 2629 1056 2676 C.
1091 2630 1137 2672 h.
1175 2631 1206 2671 t.

133 2699 277 2745 Suar.
314 2712 347 2744 n
397 2700 463 2746 61.

199 2770 251 2813 16
275 2768 332 2814 L.
353 2769 383 2812 9
404 2769 457 2816 C.
481 2771 528 2814 h.
553 2773 587 2814 t.
614 2770 707 2821 (De
731 2770 980 2826 Leyibus).
1007 2768 1082 2812 Ex
1107 2768 1159 2815 C.
1188 2769 1202 2811 1

133 2842 206 2887 De
226 2843 480 2886 Postulat.
502 2841 751 2894 Praelat„
770 2840 824 2887 C.
847 2842 861 2883 l
883 2841 957 2886 De
980 2844 1210 2885 Concess.

138 2913 321 2957 Praeb.
358 2911 407 2956 in
443 2912 503 2957 6⁰.
543 2910 599 2956 D.
636 2911 754 2956 Tho.
796 2913 830 2965 1,
865 2912 906 2966 2,
939 2910 1012 2963 90,
1047 2912 1088 2955 4.
1122 2911 1211 2958 Ce-

130 2983 299 3026 terum
341 2982 698 3041 promulgatio,
732 2982 919 3034 verius,
954 2995 1052 3026 non
1092 2995 1205 3040 per·

135 3053 268 3097 tinet
302 3057 372 3097 ad
408 3055 683 3099 essentia-m
716 3052 859 3113 legis,
894 3053 1015 3112 quia
1048 3052 1109 3097 de
1135 3065 1210 3097 es-

138 3126 303 3168 sentia
331 3123 456 3182 legis
482 3129 572 3176 est,
608 3128 667 3169 ut
690 3125 759 3169 sit
782 3124 959 3184 regula
989 3137 1210 3174 morum;

135 3193 480 3252 promulgatio
501 3199 670 3239 autem
694 3208 784 3240 nec
810 3195 986 3254 regula
1005 3198 1097 3246 est,
1122 3207 1211 3239 nee

135 3277 256 3323 pars
282 3265 501 3322 regulae,
526 3265 612 3309 sed
644 3270 802 3317 actus,
827 3280 926 3326 quo
951 3280 1008 3311 ea
1038 3265 1212 3311 subdi-

136 3334 207 3380 tis
240 3335 543 3383 ostenditur,
578 3336 863 3382 exhibetur.

202 3406 258 3449 17
294 3404 494 3450 Denter.
530 3405 601 3457 27,
636 3408 685 3458 83
720 3406 738 3449 Ι
774 3407 999 3453 Corinth.
1035 3408 1102 3455 14.
1136 3409 1179 3452 9.

203 3476 257 3519 18
292 3475 346 3519 D.
383 3474 504 3521 Tho.
539 3477 614 3522 De
656 3478 807 3523 verit.
841 3479 1022 3546 Qpaes.
1053 3478 1212 3534 XVII,

134 3547 245 3591 Art.
281 3546 327 3596 3:
368 3547 405 3597 l,
441 3546 481 3598 2,
513 3546 588 3599 90,
625 3549 666 3591 4.
700 3548 794 3603 Qui
832 3549 1006 3607 regula
1047 3549 1212 3594 utitur

132 3627 337 3661 necesse
367 3619 524 3662 hahet
553 3628 671 3663 eam
703 3619 921 3670 intueri,
947 3620 1016 3663 ait
1045 3618 1149 3664 Sot.
1172 3619 1210 3673 I,

133 3686 176 3742 1,
213 3686 296 3731 IV.
334 3686 383 3733 S.
407 3686 559 3747 Alph.
592 3687 629 3742 1,
661 3688 737 3742 65,
769 3702 815 3735 v.
839 3690 990 3735 Hanc
1020 3696 1212 3737 autem.

1312 1918 1491 1966 cmm
1529 1919 1606 1974 (E.
1641 1920 1692 1967 C.
1723 1919 1796 1974 31,
1831 1920 1907 1966 De
1946 1920 1996 1966 Ο.
2035 1921 2149 1967 Just.
2178 1921 2384 1979 Belem).

1314 1989 1486 2045 Immo.
1523 1995 1576 2034 ut
1611 2003 1672 2035 ex
1709 1990 1765 2036 D.
1790 1989 1910 2036 Tho.
1941 1992 1978 2046 l,
2011 1991 2054 2044 2,
2084 1991 2153 2044 19,
2185 1990 2307 2043 4,Ο.
2339 1991 2385 2046 3,

1311 2059 1457 2105 docet
1481 2060 1525 2106 S.
1554 2061 1702 2120 Alph.
1725 2060 1760 2113 I,
1782 2061 1859 2109 64.
1880 2063 2192 2108 certissima.
2212 2062 2385 2112 Mum-

1309 2145 1491 2184 Fsss'ra,
1515 2133 1648 2179 idest
1666 2132 1817 2190 clara,
1844 2135 2112 2194 perspicua
2137 2134 2204 2194 (S.
2230 2134 2384 2197 Alph.

1313 2202 1347 2257 1,
1382 2204 1475 2261 75).

1371 2275 1429 2318 20
1464 2275 1518 2320 L.
1551 2275 1580 2318 9
1613 2276 1665 2324 C.
1702 2279 1771 2322 De
1795 2278 2030 2334 Legibus.

1373 2346 1424 2389 21
1464 2347 1541 2391 Ex
1577 2348 1660 2392 eit.
1694 2347 1746 2395 C.
1781 2347 1854 2394 31.
1888 2348 2071 2394 Bened.
2104 2347 2236 2409 xlv,
2276 2347 2384 2396 No-

1312 2417 1466 2462 tifle...
1501 2417 1546 2462 S.
1584 2417 1733 2478 Alph.
1770 2421 1800 2464 l.
1833 2432 1872 2465 c.
1895 2418 1953 2464 V.
1982 2431 2039 2472 c.,
2063 2418 2245 2479 Utrum
2269 2432 2386 2466 con-

1315 2491 1509 2534 tractus
1544 2489 1712 2534 trinus
1747 2489 1817 2534 sit
1850 2488 2088 2544 illicitus;
2119 2492 2290 2536 utrum
2313 2489 2386 2536 sit

1313 2559 1553 2618 obligatio
1575 2558 1848 2619 reeipiendi
1873 2563 2245 2606 sacramentum
2270 2573 2383 2606 eon·

1316 2631 1634 2682 firmationis,
1682 2634 1774 2676 etc.
1826 2629 2155 2688 Quamobrem
2206 2631 2380 2678 incon·

1314 2701 1447 2745 sulte
1484 2714 1691 2759 prorsus
1726 2700 1978 2756 Giballin.‚
2008 2700 2254 2756 Alterius,
2281 2702 2381 2750 Co·

1315 2774 1595 2822 varruvias‚
1631 2772 2042 2832 Salmaffieenses,
2082 2771 2382 2826 docuerunt,
2474 2797 2479 2805 ·

1314 2856 1518 2902 peceare
1538 2842 1763 2901 graviter
1779 2843 2031 2887 irretitum
2053 2855 2282 2894 censura,
2293 2843 2382 2903 qui
2494 2830 2526 2902 ἶς’

1316 2912 1683 2958 absolutionem
1709 2915 2087 2972 quamprimum
2113 2927 2209 2958 non
2234 2913 2386 2973 petit:

1316 2985 1748 3029 inconsultissime
1761 2984 2382 3043 vero‚quiconcionantem

1315 3056 1365 3099 in
1388 3053 1583 3099 mortali
1607 3054 1959 3104 constitutum,
1978 3055 2132 3100 immo
2150 3059 2201 3099 et
2219 3053 2387 3110 acoly-

1315 3129 1422 3170 tum
1453 3124 1809 3169 inservientem
1829 3123 2115 3178 celebranti,
2138 3123 2385 3171 damnant

1315 3196 1482 3241 letalis
1515 3195 1591 3247 (V.
1628 3193 1676 3241 S.
1718 3195 1870 3254 Alph.
1909 3194 1990 3247 VI,
2026 3195 2096 3247 37,
2130 3194 2219 3251 40).
2253 3194 2387 3242 Sane

1314 3271 1439 3318 orta,
1467 3265 1612 3310 initio
1633 3265 1912 3323 Religionis
1938 3268 2154 3317 nostrae,
2177 3268 2382 3311 contro·

1315 3337 1496 3387 versia,
1533 3349 1622 3381 nec
1669 3335 1924 3388 mediocri,
1970 3339 2140 3380 utrum
2181 3334 2380 3398 lici-tum

1315 3411 1451 3453 esset
1474 3408 1611 3452 vesei
1639 3406 1896 3455 idololitis‚
1934 3409 2107 3451 utrum
2132 3405 2383 3465 sanguine

1316 3482 1365 3523 et
1390 3479 1667 3530 suffocatis,
1694 3476 1883 3523 Paulus
1902 3476 2187 3536 respondit:
2220 3477 2385 3523 Unus-

1316 3552 1528 3607 quisque
1557 3553 1613 3593 in
1648 3561 1742 3593 suo
1774 3562 1931 3595 sensu
1963 3550 2198 3605 abundet.
2219 3546 2381 3605 (Rom.

1316 3619 1447 3672 XIV,
1474 3621 1516 3664 5.
1538 3619 1560 3663 1
1584 3622 1689 3665 Cor.
1719 3618 1777 3672 X,
1801 3619 1890 3674 25).
1916 3618 2104 3670 Serius,
2135 3631 2249 3664 cum
2273 3617 2375 3665 No-

1315 3690 1509 3736 vatiaui
1529 3689 1781 3736 secundas
1795 3689 2017 3748 nuptias,
2033 3688 2384 3743 Tertullianus
