2548 4042
184 0 286 57 272
598 16 723 55 uus
744 0 902 55 'enm
922 26 951 41 ·
972 0 1392 57 ‘uouentem-2
1413 0 1592 63 mc*
1591 0 1927 66 Vffiffia
1938 2 2279 74 '1:55
2416 64 2430 76 ..

185 105 244 157 et
283 102 357 157 ad
401 115 535 155 euin
577 99 851 168 pertinet,
879 98 981 168 qui
1020 113 1057 154 a
1098 98 1290 170 priore
1327 73 1641 158 voluntate
1668 76 1968 174 nunquam
2519 170 2525 178 .

184 205 312 245 eam
359 188 682 243 identidem
730 186 961 256 repetit.
1006 187 1079 243 Et
1126 190 1368 258 recepta
1406 189 1712 247 sententia
1745 194 1852 255 est,
1895 192 2173 264 quamdiu
2213 183 2526 285 ³55?-

184 276 416 346 repetiti
462 275 788 344 hujusmodi
830 275 1152 331 voluntatis
1191 280 1360 336 actus
1401 278 1564 348 quasi
1618 294 1771 336 unus
1817 283 1996 353 atque
2045 282 2199 340 idem
2247 259 2479 346 aetus-³
2504 276 2515 289 ²

185 366 480 421 moraliter
527 381 655 420 esse
699 364 1134 433 intelliguntur,
1192 381 1372 420 unum
1422 382 1495 422 ex
1542 368 1813 424 omnibus
1870 374 2176 440 peccatum
2227 374 2449 432 coele»

182 470 346 511 scere
378 455 510 526 (12).
553 455 723 508 Tales
763 459 963 509 autem
1006 470 1135 510 esse
1179 455 1600 524 intelliguntur
1648 458 1928 528 quamdiu
1966 462 2163 517 animo
2211 466 2271 519 et
2313 479 2419 520 co-

182 546 469 615 gitatione
512 545 906 607 continentur,
948 544 995 598 si
1029 545 1184 599 inter
1213 560 1275 599 se
1304 545 1524 600 distent
1557 561 1667 601 nou
1699 547 1872 616 longo
1900 540 2088 620 spatio
2119 553 2416 623 temporie,
2492 568 2494 570 ’

183 634 349 696 idest,
383 634 754 703 probabilius,
798 633 955 687 bidui
999 634 1093 688 vel
1139 634 1312 688 tridui
1344 633 1492 706 (13):
1538 650 1670 690 cum
1714 652 1853 692 vero
1893 638 1952 693 in
1990 643 2190 697 actum
2221 645 2414 700 exter·

182 738 317 777 nuni
344 723 680 792 prodierint,
711 723 758 778 si
789 723 1011 778 modico
1032 723 1146 794 (14)
1177 723 1487 779 intervallo
1516 727 1794 795 temporis
1831 728 2047 784 fuerint
2078 730 2412 804 interrupti.

181 814 395 867 Verum
424 814 479 865 hi
502 827 719 875 ornnes,
743 813 790 867 si
815 814 887 867 ad
913 829 1091 867 unum
1114 814 1418 867 definitum
1452 816 1765 870 terminum
1790 818 2151 884 ordinantur,
2177 826 2319 892 puta
2337 825 2412 881 ad

179 901 392 956 furtum
424 903 514 956 vel
549 901 921 957 homicidium
955 904 1421 972 perpetrandum,
1455 905 1733 974 quamdiu
1765 907 2036 962 voluntas
2067 909 2125 963 in
2153 925 2259 966 suo
2289 927 2415 983 pro-

178 992 361 1062 posito
402 992 622 1054 haeret,
654 992 849 1054 instat,
894 995 954 1045 et
1004 992 1167 1046 velut
1208 994 1436 1062 objecto
1475 1009 1578 1047 suo
1623 995 1900 1058 imminet,
1921 1014 2019 1065 per
2045 1002 2416 1072 qualecumque

172 1087 370 1150 tempus
409 1082 579 1144 decret,
625 1099 789 1134 unum
823 1089 1087 1149 peccatum.
1127 1085 1453 1136 constituunt
1480 1081 1616 1155 (15).

247 1173 373 1226 288.
406 1172 578 1224 Porro
611 1172 702 1225 lex
733 1176 793 1224 et
825 1186 1068 1240 peccare
1102 1174 1279 1232 vetat,
1311 1174 1372 1225 et
1402 1173 1449 1225 si
1489 1174 1827 1242 peccaveris
1869 1179 2182 1234 emendare
2201 1179 2413 1250 Jubet:

172 1275 248 1315 an
281 1261 464 1330 igitur
493 1261 559 1324 is,
587 1260 686 1330 qui
720 1275 828 1314 non
873 1261 1163 1323 emendat,
1207 1276 1423 1315 novum
1467 1265 1772 1331 peccatum
1815 1266 2124 1321 admittat?
2151 1268 2239 1332 Et,
2269 1271 2412 1341 quia

176 1350 479 1404 voluntate
534 1352 827 1419 peccatur,
881 1349 1166 1412 intererit,
1221 1354 1415 1404 utrum
1467 1350 1515 1405 is
1565 1351 1711 1405 nolit
1759 1355 2091 1419 emendare,
2142 1374 2218 1413 an
2261 1360 2411 1415 nolit

175 1441 356 1502 modo,
384 1455 460 1494 an
492 1454 684 1509 neque
713 1439 857 1493 velit
889 1454 1077 1509 neque
1109 1438 1270 1493 nolit.
1299 1440 1353 1493 Si
1392 1439 1639 1509 positive
1681 1458 1783 1494 non
1823 1445 1955 1508 vult,
1984 1445 2163 1500 toties
2195 1447 2407 1503 iterum

175 1533 397 1601 peccat,
432 1530 664 1599 quoties
696 1527 914 1590 iterum
956 1544 1069 1583 non
1108 1529 1235 1583 vult
1262 1527 1398 1600 (16)·
1431 1529 1646 1599 quippe
1676 1531 1895 1599 singuli
1941 1533 2266 1603 hujusmodi
2309 1552 2408 1592 vo-

237 1689 290 1733 12
323 1686 378 1733 V.
404 1688 547 1733 Suar.
590 1690 657 1734 De
682 1688 876 1734 Poenit.
910 1686 1029 1740 22,
1006 1702 1047 1738 ο,
1072 1688 1113 1738 5,
1140 1690 1237 1731 etc.

172 1760 312 1818 Lugo
339 1760 413 1806 De
435 1761 628 1805 Poenit.
667 1759 718 1802 10
743 1773 772 1803 a
803 1772 848 1803 n.
882 1758 986 1813 540;
1027 1757 1239 1804 Salmat.

172 1832 243 1883 20,
284 1831 351 1883 12,
385 1831 459 1875 56.

238 1902 289 1946 13
322 1902 367 1948 S.
406 1901 554 1961 Alph.
590 1901 646 1954 V,
680 1901 751 1946 39.
785 1900 881 1946 Alii
919 1903 1101 1959 putant
1137 1914 1236 1945 non

170 1974 484 2031 interrumpi,
511 1986 692 2031 magna
721 1972 838 2017 licet
873 1985 1009 2016 mora
1041 1971 1239 2030 interje-

170 2046 277 2093 cta:
302 2043 403 2093 alii,
428 2048 611 2093 contra,
638 2042 862 2103 qualibet
891 2042 1233 2090 distractione.

169 2114 322 2159 etiarn
339 2115 693 2164 involuntaria,
714 2114 1009 2172 interrumpi
1030 2117 1233 2172 putent:

165 2188 443 2248 ‘utrumque
484 2190 782 2230 extremum.
822 2185 917 2231 Sed
955 2198 1042 2229 nec
1081 2183 1237 2242 quod-

169 2268 285 2300 nam
321 2257 390 2300 sit
414 2258 619 2309 lonqum
643 2256 883 2314 temporis
909 2254 1231 2299 intervallum

167 2326 297 2370 satis
327 2328 581 2371 convenit:
606 2339 722 2370 nam
753 2325 872 2370 Viva
898 2339 1100 2375 annum,
1128 2325 1232 2370 Sal-

170 2400 284 2442 mat.
307 2410 544 2448 mensem,
565 2397 838 2454 Roncaglia
856 2395 1082 2448 biduum,
1102 2397 1236 2443 Con·

166 2468 279 2512 cina
297 2466 427 2511 diem
449 2482 559 2513 esse
575 2471 735 2515 retur(
752 2467 801 2511 V.
822 2468 869 2513 S.
886 2467 1126 2526 Alph.cit.
1142 2467 1231 2522 39).

228 2537 357 2583 Sane
376 2540 418 2582 si
439 2539 553 2597 quis
572 2542 685 2597 post
708 2538 918 2583 biduum
946 2537 1233 2583 triduumve

164 2612 358 2668 repetat
429 2611 653 2653 internos
720 2608 998 2654 voluntatis
1074 2612 1238 2661 actus,

167 2678 213 2724 S.
239 2678 389 2737 Alph.
423 2679 481 2723 H.
508 2682 560 2724 A.
591 2678 675 2725 ΙΙΙ,
699 2680 770 2730 60,
795 2683 942 2738 putat
970 2693 1056 2724 eos
1082 2680 1235 2724 inter·

166 2751 349 2809 rumpi,
399 2754 548 2809 atque
598 2750 708 2794 ideo
763 2750 1090 2809 multiplicari
1142 2763 1236 2806 per

164 2822 443 2877 quamlibet
487 2823 745 2865 morulam
794 2823 984 2871 somni,
1025 2833 1232 2872 coenae,

165 2895 579 2945 de'straetz'onum‚
603 2896 693 2936 etc.
724 2892 873 2951 (quod
902 2891 1021 2936 mihi
1051 2890 1231 2935 durius

167 2962 408 3013 videtnr›;
446 2976 621 3021 nempe
654 2962 775 3022 quia
808 2964 950 3021 prius
997 2963 1232 3007 voluntas

164 3045 263 3077 non
282 3032 478 3078 videtur
497 3033 631 3078 ultra
648 3033 698 3078 id
724 3035 925 3091 tempus
946 3032 1231 3077 virtualiter

165 3115 499 3160 perseverare.

231 3173 280 3214 14
316 3173 389 3216 Ex
426 3174 476 3218 L.
502 3175 596 3232 6,§
630 3176 663 3218 1.
690 3176 767 3220 De
799 3177 942 3220 duob.
976 3177 1092 3220 ree's.
1120 3175 1235 3220 Pro-

162 3242 276 3288 inde
314 3257 470 3289 unum
500 3249 762 3303 peccatum
788 3245 1015 3291 admittit
1047 3246 1133 3304 qui
1163 3258 1224 3290 ex

161 3311 335 3359 eodem
389 3315 582 3372 impetu
631 3319 830 3371 pluries
885 3319 1231 3373 blasphemat,

162 3386 382 3440 turpiter
418 3388 603 3440 tanqu,
633 3390 855 3441 percutit
886 3387 951 3433 ‹S.
979 3387 1125 3445 Alph.
1162 3387 1231 3440 H,

161 3456 218 3499 A.
240 3453 326 3506 111,
345 3454 435 3510 62),
455 3459 786 3510 convitiatur,
810 3460 1040 3503 detrahit
1057 3457 1122 3512 (S.
1144 3456 1232 3501 Al-

158 3525 343 3584 phons.
368 3525 427 3579 V,
460 3527 512 3570 41
530 3542 551 3571 ».
577 3527 724 3573 Porro
750 3530 924 3573 eadem
965 3529 1094 3574 actio
1119 3540 1234 3573 con-

160 3597 359 3642 tinuare
420 3597 675 3642 moraliter
741 3598 1074 3656 intelligitur,
1131 3600 1225 3643 etsi

158 3666 308 3712 finem
344 3668 384 3726 ej
403 3681 463 3712 us
497 3667 689 3719 feceris,
724 3670 767 3712 si
808 3668 870 3713 ad
912 3669 1050 3714 illam
1090 3669 1224 3713 nihi·

158 3736 400 3789 lominus,
442 3738 741 3783 brevissima
776 3752 915 3783 mora
954 3740 1228 3797 interjecta,

1342 1686 1567 1732 redieris,
1594 1686 1763 1733 Veluti
1789 1688 1832 1733 si
1857 1689 1973 1748 quis
1999 1689 2115 1735 die
2095 1692 2278 1752 jejunii
2311 1707 2417 1741 cer·

1344 1757 1493 1802 nibus
1513 1757 1844 1816 prandiderit,
1864 1763 1913 1804 et
1930 1760 2026 1806 sub
2045 1762 2194 1808 finem
2211 1764 2413 1824 prandii

1343 1827 1680 1872 destinaverit
1730 1828 1859 1874 nihil
1911 1830 2132 1890 amplius
2177 1833 2275 1880 cibi
2319 1849 2410 1882 su·

1346 1911 1509 1951 mere3
1540 1900 1583 1943 si
1619 1900 1750 1959 quis,
1797 1899 1967 1959 aliquo
2014 1901 2300 1951 verberibus
2335 1906 2412 1952 af-

1342 1968 1487 2023 fecte,
1523 1969 1778 2016 discedere
1813 1971 2053 2029 coeperit;
2086 1975 2137 2018 et
2171 1987 2287 2020 mox
2321 1977 2413 2026 ille

1343 2039 1487 2084 novis
1525 2040 1774 2099 appositis
1800 2041 1944 2091 escis,
1969 2041 2032 2087 ad
2054 2041 2222 2090 cibum
2245 2043 2412 2106 (Lugo

1342 2123 1390 2154 n.
1427 2110 1533 2155 551.
1579 2110 1733 2156 Salm.
1771 2111 1840 2164 13,
1879 2112 1916 2162 l,
1947 2111 2081 2167 265„
2125 2115 2219 2168 hic,
2262 2116 2408 2164 novis

1341 2180 1614 2227 lacessitus
1648 2181 1864 2241 injuriiS,
1889 2181 1950 2227 ad
1973 2183 2105 2228 ictus
2135 2183 2308 2243 (Salm.
2329 2185 2404 2241 20,

1348 2252 1416 2304 12,
1450 2252 1527 2302 37)
1562 2252 1817 2297 redierint.

1410 2325 1462 2368 15
1496 2323 1541 2369 S.
1578 2323 1725 2382 Alph.
1763 2323 1820 2377 V,
1855 2324 1923 2368 40.
1947 2323 2116 2369 Veluti
2150 2325 2194 2370 si
2229 2325 2410 2382 Titius,

1342 2394 1521 2441 Osiurn
1556 2395 1835 2447 occisurus,
1869 2399 2003 2439 emat
2034 2394 2278 2452 gladium,
2313 2397 2408 2443 iter

1341 2469 1528 2525 carpat,
1554 2465 1768 2511 insidias
1803 2468 1969 2523 paret;
1992 2467 2227 2524 quamvis
2260 2465 2411 2513 hodie

1342 2537 1621 2582 constituat
1655 2535 1797 2580 illum
1827 2534 2065 2588 occidere,
2093 2535 2143 2580 in
2171 2535 2406 2594 perendi-

1342 2620 1463 2652 num
1500 2610 1633 2652 emat
1655 2606 1898 2665 gladium,
1923 2609 2039 2664 post
2062 2618 2288 2653 mensem
2311 2606 2409 2654 iter

1342 2680 1564 2737 arripiat,
1592 2681 1708 2736 post
1744 2677 1979 2722 bimestre
2012 2676 2227 2722 insidias
2250 2680 2410 2736 paret,

1342 2754 1455 2808 post
1490 2762 1679 2793 annum
1714 2746 1926 2793 occidat.

1400 2819 1547 2875 Quid,
1568 2819 1611 2864 si
1634 2821 1893 2878 peccatum
1916 2818 2167 2862 intentum
2187 2829 2410 2877 exequu-

1341 2890 1467 2935 tioni
1511 2881 1816 2934 'mandatum
1867 2900 1966 2932 non
2014 2886 2182 2938 fuerit,
2233 2889 2407 2933 utrum

1341 2961 1466 3006 haec
1499 2960 1670 3005 omnia
1703 2956 2005 3018 explicanda
2050 2957 2155 3002 sint
2200 2957 2253 3003 in
2286 2970 2406 3004 con-

1339 3034 1571 3085 fessione,
1609 3031 1756 3091 quasi
1792 3032 1997 3089 peccata
2030 3028 2274 3076 distincta
2305 3042 2404 3076 nu-

1341 3116 1491 3154 mero,
1510 3115 1600 3148 ceu
1622 3106 1759 3147 retur
1776 3100 1920 3150 Viva,
1937 3100 2236 3159 ap.S.Alph.
2251 3113 2298 3146 n.
2317 3100 2426 3154 422

2523 2914 2530 2921 ¹
2503 2538 2548 2890 <›.,.·.·..;.;.4‚„·.22.‹..„..
2538 2516 2548 2525 .
2511 2330 2548 2504 ism-2-

1339 3174 1403 3219 Et
1422 3174 1525 3233 qui,
1547 3173 1713 3221 sodes,
1739 3185 1795 3216 ea
1819 3185 1946 3231 quae
1973 3171 2222 3216 hactenus
2245 3182 2411 3217 unum
2504 3197 2506 3201 ·
2540 3181 2548 3195 ²

1336 3245 1549 3296 fuerant,
1586 3242 1733 3302 plura
1769 3254 1879 3286 esse
1905 3241 2156 3299 incipiunt
2179 3239 2257 3298 (V.
2281 3239 2407 3301 Lug.
2485 3244 2492 3250 ’

1337 3329 1383 3359 n.
1409 3313 1551 3371 566st
1578 3314 1709 3371 Ergo
1729 3326 1806 3366 ne,
1828 3312 1871 3356 si
1898 3311 2064 3355 Titius
2087 3310 2271 3358 Osium
2293 3323 2411 3356 con-

1339 3386 1478 3436 fodit,
1512 3397 1696 3436 unum;
1731 3384 1775 3428 si
1820 3382 2145 3429 confessurus
2192 3379 2410 3438 destitit,

1339 3457 1412 3501 vel
1471 3455 1604 3500 feriit
1661 3454 1936 3503 incassum,
1997 3451 2144 3510 plura
2202 3454 2408 3510 peccata

1337 3524 1647 3573 committit?

1400 3597 1454 3641 16
1485 3596 1667 3654 Sporer
1710 3594 1740 3639 1.
1774 3607 1814 3639 c.
1850 3606 1931 3638 nn.
1974 3593 2071 3645 181,
2109 3591 2239 3636 1430.
2274 3590 2331 3639 V.
2364 3605 2405 3638 c.

1336 3668 1534 3727 quoties
1577 3679 1750 3712 secum
1794 3665 1865 3710 ait
1910 3662 2043 3709 nolle
2085 3675 2138 3706 se
2179 3662 2405 3708 reconci-
2476 3665 2488 3675 ”
2528 3671 2548 3710 ῑ

1335 3738 1447 3784 liari
1483 3738 1703 3790 inimice,
1738 3735 1987 3780 haeresim
2014 3732 2260 3792 abjurare,
2290 3745 2413 3779 con-

2512 3707 2548 3775 ἦ
