<?xml version="1.0" encoding="UTF-8"?>
<!DOCTYPE html PUBLIC "-//W3C//DTD XHTML 1.0 Transitional//EN"
    "http://www.w3.org/TR/xhtml1/DTD/xhtml1-transitional.dtd">
<html xmlns="http://www.w3.org/1999/xhtml" xml:lang="en" lang="en">
 <head>
  <title>
</title>
<meta http-equiv="Content-Type" content="text/html;charset=utf-8" />
  <meta name='ocr-system' content='tesseract 3.04.00' />
  <meta name='ocr-capabilities' content='ocr_page ocr_carea ocr_par ocr_line ocrx_word'/>
</head>
<body>
  <div class='ocr_page' id='page_1' title='image "./summulatheologia01anni_0370.png"; bbox 0 0 2548 4042; ppageno 0'>
   <div class='ocr_carea' id='block_1_1' title="bbox 172 0 2429 199">
    <p class='ocr_par' dir='ltr' id='par_1_1' title="bbox 172 0 2507 199">
     <span class='ocr_line' id='line_1_1' title="bbox 172 0 2429 100; baseline 0.005 -19"><span class='ocrx_word' id='word_1_1' title='bbox 172 24 274 81; x_wconf 73' lang='lat'><strong>360</strong></span> <span class='ocrx_word' id='word_1_2' title='bbox 407 42 532 80; x_wconf 73' lang='lat' dir='ltr'><strong>mas</strong></span> <span class='ocrx_word' id='word_1_3' title='bbox 568 41 720 80; x_wconf 70' lang='lat' dir='ltr'><strong>raum</strong></span> <span class='ocrx_word' id='word_1_4' title='bbox 743 54 768 65; x_wconf 93' lang='lat'>-</span> <span class='ocrx_word' id='word_1_5' title='bbox 789 40 1158 81; x_wconf 69' lang='lat' dir='ltr'><strong>rnoncconm</strong></span> <span class='ocrx_word' id='word_1_6' title='bbox 1180 53 1204 65; x_wconf 95' lang='lat'>-</span> <span class='ocrx_word' id='word_1_7' title='bbox 1226 37 1402 81; x_wconf 70' lang='lat' dir='ltr'><strong>*rucr-</strong></span> <span class='ocrx_word' id='word_1_8' title='bbox 1425 0 1494 80; x_wconf 72' lang='grc' dir='ltr'><strong>π.</strong></span> <span class='ocrx_word' id='word_1_9' title='bbox 1525 42 1595 84; x_wconf 78' lang='grc' dir='ltr'><strong>οι</strong></span> <span class='ocrx_word' id='word_1_10' title='bbox 1626 40 1805 83; x_wconf 61' lang='lat' dir='ltr'><strong>totuis</strong></span> <span class='ocrx_word' id='word_1_11' title='bbox 1840 14 1904 82; x_wconf 62' lang='lat' dir='ltr'><strong>afr</strong></span> <span class='ocrx_word' id='word_1_12' title='bbox 1935 41 2257 85; x_wconf 66' lang='lat' dir='ltr'><strong>camum</strong></span> <span class='ocrx_word' id='word_1_13' title='bbox 2304 36 2429 100; x_wconf 45' lang='lat' dir='ltr'><strong>·.‚&#39;‘&#39;-*³·;I⁴÷</strong></span> 
     </span>
     <span class='ocr_line' id='line_1_2' title="bbox 172 115 2376 199; baseline 0.002 -20"><span class='ocrx_word' id='word_1_14' title='bbox 172 128 301 179; x_wconf 81' lang='lat' dir='ltr'><strong>loca</strong></span> <span class='ocrx_word' id='word_1_15' title='bbox 348 125 656 178; x_wconf 78' lang='lat' dir='ltr'><strong>dumtaxat</strong></span> <span class='ocrx_word' id='word_1_16' title='bbox 698 122 1033 189; x_wconf 88' lang='lat' dir='ltr'><strong>interdicta,</strong></span> <span class='ocrx_word' id='word_1_17' title='bbox 1076 138 1186 179; x_wconf 88' lang='lat' dir='ltr'><strong>nec</strong></span> <span class='ocrx_word' id='word_1_18' title='bbox 1231 123 1482 180; x_wconf 84' lang='lat' dir='ltr'><strong>alterius</strong></span> <span class='ocrx_word' id='word_1_19' title='bbox 1519 122 1919 195; x_wconf 79' lang='lat' dir='ltr'><strong>jurisdictioni</strong></span> <span class='ocrx_word' id='word_1_20' title='bbox 1967 124 2236 183; x_wconf 74' lang='lat' dir='ltr'><strong>subiecta</strong></span> <span class='ocrx_word' id='word_1_21' title='bbox 2262 103 2507 199; x_wconf 70' lang='grc'><strong>(20)</strong></span> 
     </span>
    </p>
   </div>
   <div class='ocr_carea' id='block_1_2' title="bbox 2275 0 2548 253">
    <p class='ocr_par' dir='ltr' id='par_1_2' title="bbox 2275 0 2548 253">
     <span class='ocr_line' id='line_1_3' title="bbox 2275 0 2548 253; baseline 0 0"><span class='ocrx_word' id='word_1_22' title='bbox 2275 0 2548 253; x_wconf 95' lang='lat' dir='ltr'><strong>  </strong></span> 
     </span>
    </p>
   </div>
   <div class='ocr_carea' id='block_1_3' title="bbox 168 208 2408 284">
    <p class='ocr_par' dir='ltr' id='par_1_3' title="bbox 168 203 2518 284">
     <span class='ocr_line' id='line_1_4' title="bbox 168 208 2408 284; baseline 0.001 -16"><span class='ocrx_word' id='word_1_23' title='bbox 168 210 567 274; x_wconf 83' lang='lat' dir='ltr'><strong>nihilominuS,</strong></span> <span class='ocrx_word' id='word_1_24' title='bbox 612 213 735 281; x_wconf 76' lang='lat' dir='ltr'><strong>quia</strong></span> <span class='ocrx_word' id='word_1_25' title='bbox 773 215 1116 267; x_wconf 71' lang='lat' dir='ltr'><strong>accessorium</strong></span> <span class='ocrx_word' id='word_1_26' title='bbox 1150 214 1388 282; x_wconf 69' lang='lat' dir='ltr'><strong>coquitur</strong></span> <span class='ocrx_word' id='word_1_27' title='bbox 1417 214 1729 284; x_wconf 69' lang='lat' dir='ltr'><strong>principale,</strong></span> <span class='ocrx_word' id='word_1_28' title='bbox 1777 212 2033 270; x_wconf 76' lang='lat' dir='ltr'><strong>ecclesia</strong></span> <span class='ocrx_word' id='word_1_29' title='bbox 2071 208 2408 279; x_wconf 63' lang='lat' dir='ltr'><strong>interdicta.</strong></span> 
     </span>
    </p>
   </div>
   <div class='ocr_carea' id='block_1_4' title="bbox 109 299 2440 1532">
    <p class='ocr_par' dir='ltr' id='par_1_4' title="bbox 109 299 2440 1174">
     <span class='ocr_line' id='line_1_5' title="bbox 171 299 2422 375; baseline 0.002 -20"><span class='ocrx_word' id='word_1_30' title='bbox 171 300 526 356; x_wconf 84' lang='lat' dir='ltr'><strong>coemeteria</strong></span> <span class='ocrx_word' id='word_1_31' title='bbox 566 300 619 355; x_wconf 89' lang='lat' dir='ltr'><strong>ei</strong></span> <span class='ocrx_word' id='word_1_32' title='bbox 651 300 950 371; x_wconf 83' lang='lat' dir='ltr'><strong>contigua,</strong></span> <span class='ocrx_word' id='word_1_33' title='bbox 996 301 1235 370; x_wconf 78' lang='lat' dir='ltr'><strong>perinde</strong></span> <span class='ocrx_word' id='word_1_34' title='bbox 1277 299 1443 370; x_wconf 87' lang='lat' dir='ltr'><strong>quasi</strong></span> <span class='ocrx_word' id='word_1_35' title='bbox 1493 301 1823 357; x_wconf 81' lang='lat' dir='ltr'><strong>accessoria</strong></span> <span class='ocrx_word' id='word_1_36' title='bbox 1847 301 1984 375; x_wconf 89' lang='grc'><strong>(27);</strong></span> <span class='ocrx_word' id='word_1_37' title='bbox 2026 307 2087 359; x_wconf 88' lang='lat' dir='ltr'><strong>et</strong></span> <span class='ocrx_word' id='word_1_38' title='bbox 2127 305 2275 360; x_wconf 85' lang='lat' dir='ltr'><strong>urbe</strong></span> <span class='ocrx_word' id='word_1_39' title='bbox 2314 302 2422 360; x_wconf 68' lang='lat' dir='ltr'><strong>in-v</strong></span> 
     </span>
     <span class='ocr_line' id='line_1_6' title="bbox 167 389 2414 462; baseline 0.001 -18"><span class='ocrx_word' id='word_1_40' title='bbox 167 390 446 453; x_wconf 86' lang='lat' dir='ltr'><strong>terdicta,</strong></span> <span class='ocrx_word' id='word_1_41' title='bbox 474 389 652 444; x_wconf 85' lang='lat' dir='ltr'><strong>etiam</strong></span> <span class='ocrx_word' id='word_1_42' title='bbox 696 390 994 452; x_wconf 77' lang='lat' dir='ltr'><strong>suburbia,</strong></span> <span class='ocrx_word' id='word_1_43' title='bbox 1039 393 1099 444; x_wconf 90' lang='lat' dir='ltr'><strong>et</strong></span> <span class='ocrx_word' id='word_1_44' title='bbox 1129 389 1498 444; x_wconf 84' lang='lat' dir='ltr'><strong>continentia</strong></span> <span class='ocrx_word' id='word_1_45' title='bbox 1525 390 1796 445; x_wconf 81' lang='lat' dir='ltr'><strong>aedificia</strong></span> <span class='ocrx_word' id='word_1_46' title='bbox 1825 389 1940 462; x_wconf 83' lang='lat'>(28)</span> <span class='ocrx_word' id='word_1_47' title='bbox 1972 391 2289 447; x_wconf 86' lang='lat' dir='ltr'><strong>interdicto</strong></span> <span class='ocrx_word' id='word_1_48' title='bbox 2324 394 2414 448; x_wconf 86' lang='lat' dir='ltr'><strong>tc·</strong></span> 
     </span>
     <span class='ocr_line' id='line_1_7' title="bbox 171 477 2411 551; baseline 0.001 -17"><span class='ocrx_word' id='word_1_49' title='bbox 171 481 417 542; x_wconf 66' lang='lat' dir='ltr'><strong>uentum</strong></span> <span class='ocrx_word' id='word_1_50' title='bbox 446 479 585 533; x_wconf 86' lang='lat' dir='ltr'><strong>licet</strong></span> <span class='ocrx_word' id='word_1_51' title='bbox 611 479 757 534; x_wconf 82' lang='lat' dir='ltr'><strong>forte</strong></span> <span class='ocrx_word' id='word_1_52' title='bbox 784 479 886 534; x_wconf 89' lang='lat' dir='ltr'><strong>alii</strong></span> <span class='ocrx_word' id='word_1_53' title='bbox 916 479 1219 533; x_wconf 80' lang='lat' dir='ltr'><strong>ordinario</strong></span> <span class='ocrx_word' id='word_1_54' title='bbox 1246 478 1513 547; x_wconf 86' lang='lat' dir='ltr'><strong>subjecta</strong></span> <span class='ocrx_word' id='word_1_55' title='bbox 1534 477 1664 551; x_wconf 87' lang='grc'><strong>(29).</strong></span> <span class='ocrx_word' id='word_1_56' title='bbox 1695 479 2011 551; x_wconf 76' lang='lat' dir='ltr'><strong>Utriusque</strong></span> <span class='ocrx_word' id='word_1_57' title='bbox 2038 483 2238 535; x_wconf 84' lang='lat' dir='ltr'><strong>autem</strong></span> <span class='ocrx_word' id='word_1_58' title='bbox 2262 493 2411 551; x_wconf 85' lang='lat' dir='ltr'><strong>pene</strong></span> 
     </span>
     <span class='ocr_line' id='line_1_8' title="bbox 168 567 2413 639; baseline 0.001 -16"><span class='ocrx_word' id='word_1_59' title='bbox 168 569 373 623; x_wconf 87' lang='lat' dir='ltr'><strong>eadem</strong></span> <span class='ocrx_word' id='word_1_60' title='bbox 405 572 495 622; x_wconf 88' lang='lat' dir='ltr'><strong>est</strong></span> <span class='ocrx_word' id='word_1_61' title='bbox 527 569 614 622; x_wconf 87' lang='lat' dir='ltr'><strong>vis</strong></span> <span class='ocrx_word' id='word_1_62' title='bbox 647 567 792 639; x_wconf 88' lang='lat'>(30):</span> <span class='ocrx_word' id='word_1_63' title='bbox 829 569 958 623; x_wconf 86' lang='lat' dir='ltr'><strong>ideo</strong></span> <span class='ocrx_word' id='word_1_64' title='bbox 987 568 1216 638; x_wconf 86' lang='lat' dir='ltr'><strong>quoties</strong></span> <span class='ocrx_word' id='word_1_65' title='bbox 1246 567 1624 623; x_wconf 88' lang='lat' dir='ltr'><strong>interdictum</strong></span> <span class='ocrx_word' id='word_1_66' title='bbox 1668 568 1854 624; x_wconf 84' lang='lat' dir='ltr'><strong>locale</strong></span> <span class='ocrx_word' id='word_1_67' title='bbox 1882 569 2229 639; x_wconf 85' lang='lat' dir='ltr'><strong>simpliciter</strong></span> <span class='ocrx_word' id='word_1_68' title='bbox 2264 569 2413 635; x_wconf 80' lang='lat' dir='ltr'><strong>dioc,</strong></span> 
     </span>
     <span class='ocr_line' id='line_1_9' title="bbox 169 655 2414 727; baseline 0 -16"><span class='ocrx_word' id='word_1_69' title='bbox 169 661 482 727; x_wconf 86' lang='lat' dir='ltr'><strong>utrumque</strong></span> <span class='ocrx_word' id='word_1_70' title='bbox 513 658 624 712; x_wconf 87' lang='lat' dir='ltr'><strong>erit</strong></span> <span class='ocrx_word' id='word_1_71' title='bbox 661 658 1087 727; x_wconf 87' lang='lat' dir='ltr'><strong>accipiendum.</strong></span> <span class='ocrx_word' id='word_1_72' title='bbox 1131 655 1433 712; x_wconf 90' lang='lat' dir='ltr'><strong>Persouali</strong></span> <span class='ocrx_word' id='word_1_73' title='bbox 1479 657 1790 712; x_wconf 88' lang='lat' dir='ltr'><strong>interdicto</strong></span> <span class='ocrx_word' id='word_1_74' title='bbox 1819 658 2084 726; x_wconf 84' lang='lat' dir='ltr'><strong>generali</strong></span> <span class='ocrx_word' id='word_1_75' title='bbox 2129 659 2414 714; x_wconf 85' lang='lat' dir='ltr'><strong>tenentur</strong></span> 
     </span>
     <span class='ocr_line' id='line_1_10' title="bbox 109 739 2411 817; baseline 0.001 -17"><span class='ocrx_word' id='word_1_76' title='bbox 109 739 111 741; x_wconf 66' lang='grc'><strong>’</strong></span> <span class='ocrx_word' id='word_1_77' title='bbox 166 747 407 815; x_wconf 85' lang='lat' dir='ltr'><strong>singuli,</strong></span> <span class='ocrx_word' id='word_1_78' title='bbox 439 749 723 817; x_wconf 84' lang='lat' dir='ltr'><strong>quotquot</strong></span> <span class='ocrx_word' id='word_1_79' title='bbox 756 747 811 801; x_wconf 89' lang='lat' dir='ltr'><strong>in</strong></span> <span class='ocrx_word' id='word_1_80' title='bbox 847 762 1126 815; x_wconf 83' lang='lat' dir='ltr'><strong>praeseus</strong></span> <span class='ocrx_word' id='word_1_81' title='bbox 1155 749 1292 800; x_wconf 86' lang='lat' dir='ltr'><strong>sunt</strong></span> <span class='ocrx_word' id='word_1_82' title='bbox 1319 744 1608 815; x_wconf 77' lang='lat' dir='ltr'><strong>(exceptis</strong></span> <span class='ocrx_word' id='word_1_83' title='bbox 1643 746 2008 816; x_wconf 80' lang='lat' dir='ltr'><strong>infantibus);</strong></span> <span class='ocrx_word' id='word_1_84' title='bbox 2041 747 2132 802; x_wconf 88' lang='lat' dir='ltr'><strong>vel</strong></span> <span class='ocrx_word' id='word_1_85' title='bbox 2163 746 2411 803; x_wconf 84' lang='lat' dir='ltr'><strong>subinde</strong></span> 
     </span>
     <span class='ocr_line' id='line_1_11' title="bbox 167 834 2414 906; baseline 0 -15"><span class='ocrx_word' id='word_1_86' title='bbox 167 839 314 892; x_wconf 79' lang='lat' dir='ltr'><strong>flunt</strong></span> <span class='ocrx_word' id='word_1_87' title='bbox 359 837 657 891; x_wconf 85' lang='lat' dir='ltr'><strong>interdicti</strong></span> <span class='ocrx_word' id='word_1_88' title='bbox 707 837 919 906; x_wconf 79' lang='lat' dir='ltr'><strong>populi,</strong></span> <span class='ocrx_word' id='word_1_89' title='bbox 961 838 1181 897; x_wconf 89' lang='lat' dir='ltr'><strong>coetus,</strong></span> <span class='ocrx_word' id='word_1_90' title='bbox 1224 835 1443 890; x_wconf 82' lang='lat' dir='ltr'><strong>ordinis</strong></span> <span class='ocrx_word' id='word_1_91' title='bbox 1484 836 1743 889; x_wconf 83' lang='lat' dir='ltr'><strong>membra</strong></span> <span class='ocrx_word' id='word_1_92' title='bbox 1783 834 1925 906; x_wconf 86' lang='lat'>(31):</span> <span class='ocrx_word' id='word_1_93' title='bbox 1965 838 2024 890; x_wconf 85' lang='lat' dir='ltr'><strong>et</strong></span> <span class='ocrx_word' id='word_1_94' title='bbox 2066 851 2140 891; x_wconf 88' lang='lat' dir='ltr'><strong>ex</strong></span> <span class='ocrx_word' id='word_1_95' title='bbox 2180 835 2414 892; x_wconf 85' lang='lat' dir='ltr'><strong>diverso</strong></span> 
     </span>
     <span class='ocr_line' id='line_1_12' title="bbox 166 923 2440 996; baseline 0.001 -17"><span class='ocrx_word' id='word_1_96' title='bbox 166 926 221 979; x_wconf 90' lang='lat' dir='ltr'><strong>ei</strong></span> <span class='ocrx_word' id='word_1_97' title='bbox 264 925 545 981; x_wconf 84' lang='lat' dir='ltr'><strong>eximitur</strong></span> <span class='ocrx_word' id='word_1_98' title='bbox 574 926 841 996; x_wconf 88' lang='lat' dir='ltr'><strong>quisquis</strong></span> <span class='ocrx_word' id='word_1_99' title='bbox 869 926 998 995; x_wconf 86' lang='lat' dir='ltr'><strong>ejus</strong></span> <span class='ocrx_word' id='word_1_100' title='bbox 1042 925 1256 995; x_wconf 90' lang='lat' dir='ltr'><strong>populi,</strong></span> <span class='ocrx_word' id='word_1_101' title='bbox 1296 928 1516 986; x_wconf 90' lang='lat' dir='ltr'><strong>coetus,</strong></span> <span class='ocrx_word' id='word_1_102' title='bbox 1548 927 1657 979; x_wconf 90' lang='lat' dir='ltr'><strong>etc.</strong></span> <span class='ocrx_word' id='word_1_103' title='bbox 1704 939 1836 994; x_wconf 84' lang='lat' dir='ltr'><strong>pars</strong></span> <span class='ocrx_word' id='word_1_104' title='bbox 1877 924 1971 980; x_wconf 89' lang='lat' dir='ltr'><strong>vel</strong></span> <span class='ocrx_word' id='word_1_105' title='bbox 2014 939 2127 979; x_wconf 90' lang='lat' dir='ltr'><strong>non</strong></span> <span class='ocrx_word' id='word_1_106' title='bbox 2158 927 2248 981; x_wconf 86' lang='lat' dir='ltr'><strong>est</strong></span> <span class='ocrx_word' id='word_1_107' title='bbox 2274 923 2440 995; x_wconf 82' lang='lat'>(32),·</span> 
     </span>
     <span class='ocr_line' id='line_1_13' title="bbox 163 1013 2414 1085; baseline 0.001 -17"><span class='ocrx_word' id='word_1_108' title='bbox 163 1015 261 1071; x_wconf 87' lang='lat' dir='ltr'><strong>vel</strong></span> <span class='ocrx_word' id='word_1_109' title='bbox 310 1030 440 1070; x_wconf 88' lang='lat' dir='ltr'><strong>esse</strong></span> <span class='ocrx_word' id='word_1_110' title='bbox 482 1015 660 1070; x_wconf 87' lang='lat' dir='ltr'><strong>desiit</strong></span> <span class='ocrx_word' id='word_1_111' title='bbox 710 1015 847 1085; x_wconf 88' lang='lat'>(33);</span> <span class='ocrx_word' id='word_1_112' title='bbox 899 1015 1071 1069; x_wconf 78' lang='lat' dir='ltr'><strong>hodie</strong></span> <span class='ocrx_word' id='word_1_113' title='bbox 1117 1030 1190 1070; x_wconf 89' lang='lat' dir='ltr'><strong>ne</strong></span> <span class='ocrx_word' id='word_1_114' title='bbox 1241 1014 1330 1069; x_wconf 83' lang='lat' dir='ltr'><strong>his</strong></span> <span class='ocrx_word' id='word_1_115' title='bbox 1370 1014 1607 1084; x_wconf 87' lang='lat' dir='ltr'><strong>quidem</strong></span> <span class='ocrx_word' id='word_1_116' title='bbox 1650 1015 1912 1084; x_wconf 85' lang='lat' dir='ltr'><strong>exceptis</strong></span> <span class='ocrx_word' id='word_1_117' title='bbox 1952 1014 2051 1085; x_wconf 90' lang='lat' dir='ltr'><strong>qui</strong></span> <span class='ocrx_word' id='word_1_118' title='bbox 2096 1013 2414 1070; x_wconf 88' lang='lat' dir='ltr'><strong>interdicto</strong></span> 
     </span>
     <span class='ocr_line' id='line_1_14' title="bbox 166 1102 905 1174; baseline -0.004 -15"><span class='ocrx_word' id='word_1_119' title='bbox 166 1119 406 1159; x_wconf 85' lang='lat' dir='ltr'><strong>causam</strong></span> <span class='ocrx_word' id='word_1_120' title='bbox 447 1105 742 1159; x_wconf 88' lang='lat' dir='ltr'><strong>dederunt</strong></span> <span class='ocrx_word' id='word_1_121' title='bbox 769 1102 905 1174; x_wconf 83' lang='lat'>(34).</span> 
     </span>
    </p>

    <p class='ocr_par' dir='ltr' id='par_1_5' title="bbox 160 1193 2416 1532">
     <span class='ocr_line' id='line_1_15' title="bbox 238 1193 2412 1263; baseline 0 -15"><span class='ocrx_word' id='word_1_122' title='bbox 238 1194 367 1248; x_wconf 87' lang='grc'><strong>374.</strong></span> <span class='ocrx_word' id='word_1_123' title='bbox 397 1194 525 1262; x_wconf 83' lang='lat' dir='ltr'><strong>Age</strong></span> <span class='ocrx_word' id='word_1_124' title='bbox 569 1210 742 1255; x_wconf 82' lang='lat' dir='ltr'><strong>nunc,</strong></span> <span class='ocrx_word' id='word_1_125' title='bbox 776 1195 832 1248; x_wconf 89' lang='lat' dir='ltr'><strong>in</strong></span> <span class='ocrx_word' id='word_1_126' title='bbox 862 1197 985 1249; x_wconf 77' lang='lat' dir='ltr'><strong>locis</strong></span> <span class='ocrx_word' id='word_1_127' title='bbox 1012 1193 1378 1263; x_wconf 84' lang='lat' dir='ltr'><strong>generaliter</strong></span> <span class='ocrx_word' id='word_1_128' title='bbox 1407 1193 1753 1255; x_wconf 77' lang='lat' dir='ltr'><strong>interdictis,</strong></span> <span class='ocrx_word' id='word_1_129' title='bbox 1785 1193 1954 1248; x_wconf 87' lang='lat' dir='ltr'><strong>hodie</strong></span> <span class='ocrx_word' id='word_1_130' title='bbox 1997 1193 2136 1249; x_wconf 86' lang='lat' dir='ltr'><strong>licet</strong></span> <span class='ocrx_word' id='word_1_131' title='bbox 2177 1193 2412 1250; x_wconf 82' lang='lat' dir='ltr'><strong>clericis</strong></span> 
     </span>
     <span class='ocr_line' id='line_1_16' title="bbox 162 1282 2413 1355; baseline 0.002 -19"><span class='ocrx_word' id='word_1_132' title='bbox 162 1283 424 1353; x_wconf 88' lang='lat' dir='ltr'><strong>quotidie</strong></span> <span class='ocrx_word' id='word_1_133' title='bbox 465 1299 695 1337; x_wconf 86' lang='lat' dir='ltr'><strong>sacrum</strong></span> <span class='ocrx_word' id='word_1_134' title='bbox 740 1283 951 1346; x_wconf 81' lang='lat' dir='ltr'><strong>facere,</strong></span> <span class='ocrx_word' id='word_1_135' title='bbox 996 1286 1055 1337; x_wconf 94' lang='lat' dir='ltr'><strong>et</strong></span> <span class='ocrx_word' id='word_1_136' title='bbox 1094 1282 1216 1337; x_wconf 83' lang='lat' dir='ltr'><strong>alia</strong></span> <span class='ocrx_word' id='word_1_137' title='bbox 1253 1283 1452 1336; x_wconf 84' lang='lat' dir='ltr'><strong>divina</strong></span> <span class='ocrx_word' id='word_1_138' title='bbox 1493 1283 1683 1336; x_wconf 84' lang='lat' dir='ltr'><strong>officia</strong></span> <span class='ocrx_word' id='word_1_139' title='bbox 1723 1283 1884 1338; x_wconf 88' lang='lat' dir='ltr'><strong>obire</strong></span> <span class='ocrx_word' id='word_1_140' title='bbox 1926 1286 2064 1338; x_wconf 77' lang='lat' dir='ltr'><strong>siout</strong></span> <span class='ocrx_word' id='word_1_141' title='bbox 2090 1285 2275 1355; x_wconf 51' lang='lat' dir='ltr'><strong>prium</strong></span> <span class='ocrx_word' id='word_1_142' title='bbox 2307 1283 2413 1340; x_wconf 84' lang='lat' dir='ltr'><strong>scd</strong></span> 
     </span>
     <span class='ocr_line' id='line_1_17' title="bbox 165 1371 2416 1441; baseline 0.002 -16"><span class='ocrx_word' id='word_1_143' title='bbox 165 1386 276 1425; x_wconf 86' lang='lat' dir='ltr'><strong>nou</strong></span> <span class='ocrx_word' id='word_1_144' title='bbox 309 1371 555 1440; x_wconf 85' lang='lat' dir='ltr'><strong>pulsatis</strong></span> <span class='ocrx_word' id='word_1_145' title='bbox 590 1371 908 1440; x_wconf 81' lang='lat' dir='ltr'><strong>campaniS,</strong></span> <span class='ocrx_word' id='word_1_146' title='bbox 927 1371 1131 1441; x_wconf 84' lang='lat' dir='ltr'><strong>januis</strong></span> <span class='ocrx_word' id='word_1_147' title='bbox 1162 1371 1394 1434; x_wconf 86' lang='lat' dir='ltr'><strong>clausis,</strong></span> <span class='ocrx_word' id='word_1_148' title='bbox 1425 1374 1485 1426; x_wconf 92' lang='lat' dir='ltr'><strong>et</strong></span> <span class='ocrx_word' id='word_1_149' title='bbox 1514 1386 1656 1425; x_wconf 88' lang='lat' dir='ltr'><strong>voce</strong></span> <span class='ocrx_word' id='word_1_150' title='bbox 1686 1371 1992 1437; x_wconf 86' lang='lat' dir='ltr'><strong>submissa,</strong></span> <span class='ocrx_word' id='word_1_151' title='bbox 2023 1372 2281 1428; x_wconf 84' lang='lat' dir='ltr'><strong>exclusis</strong></span> <span class='ocrx_word' id='word_1_152' title='bbox 2311 1388 2416 1429; x_wconf 83' lang='lat' dir='ltr'><strong>ex·</strong></span> 
     </span>
     <span class='ocr_line' id='line_1_18' title="bbox 160 1459 2403 1532; baseline 0.002 -18"><span class='ocrx_word' id='word_1_153' title='bbox 160 1461 621 1523; x_wconf 84' lang='lat' dir='ltr'><strong>communicatis,</strong></span> <span class='ocrx_word' id='word_1_154' title='bbox 653 1462 713 1515; x_wconf 88' lang='lat' dir='ltr'><strong>et</strong></span> <span class='ocrx_word' id='word_1_155' title='bbox 757 1461 1085 1515; x_wconf 81' lang='lat' dir='ltr'><strong>interdictis</strong></span> <span class='ocrx_word' id='word_1_156' title='bbox 1113 1461 1252 1532; x_wconf 86' lang='lat'>(35):</span> <span class='ocrx_word' id='word_1_157' title='bbox 1286 1460 1344 1513; x_wconf 88' lang='lat' dir='ltr'><strong>in</strong></span> <span class='ocrx_word' id='word_1_158' title='bbox 1387 1459 1640 1514; x_wconf 82' lang='lat' dir='ltr'><strong>ecclesia</strong></span> <span class='ocrx_word' id='word_1_159' title='bbox 1669 1475 1810 1514; x_wconf 89' lang='lat' dir='ltr'><strong>vero</strong></span> <span class='ocrx_word' id='word_1_160' title='bbox 1851 1461 2192 1530; x_wconf 85' lang='lat' dir='ltr'><strong>specialiter</strong></span> <span class='ocrx_word' id='word_1_161' title='bbox 2219 1462 2403 1518; x_wconf 86' lang='lat' dir='ltr'><strong>inter-</strong></span> 
     </span>
    </p>
   </div>
   <div class='ocr_carea' id='block_1_5' title="bbox 2522 324 2548 405">
    <p class='ocr_par' dir='ltr' id='par_1_6' title="bbox 2522 324 2548 405">
     <span class='ocr_line' id='line_1_19' title="bbox 2522 324 2548 405; baseline 0 3637"><span class='ocrx_word' id='word_1_162' title='bbox 2522 324 2548 405; x_wconf 95' lang='lat' dir='ltr'><strong> </strong></span> 
     </span>
    </p>
   </div>
   <div class='ocr_carea' id='block_1_6' title="bbox 153 1652 1240 3341">
    <p class='ocr_par' dir='ltr' id='par_1_7' title="bbox 159 1652 1240 1995">
     <span class='ocr_line' id='line_1_20' title="bbox 170 1652 1240 1706; baseline 0.001 -8"><span class='ocrx_word' id='word_1_163' title='bbox 170 1653 318 1706; x_wconf 88' lang='lat' dir='ltr'><strong>licet;</strong></span> <span class='ocrx_word' id='word_1_164' title='bbox 355 1655 406 1698; x_wconf 84' lang='lat' dir='ltr'><strong>et</strong></span> <span class='ocrx_word' id='word_1_165' title='bbox 444 1652 680 1698; x_wconf 88' lang='lat' dir='ltr'><strong>omnibus</strong></span> <span class='ocrx_word' id='word_1_166' title='bbox 724 1652 1024 1705; x_wconf 85' lang='lat' dir='ltr'><strong>interdictis,</strong></span> <span class='ocrx_word' id='word_1_167' title='bbox 1057 1653 1240 1705; x_wconf 84' lang='lat' dir='ltr'><strong>verius,</strong></span> 
     </span>
     <span class='ocr_line' id='line_1_21' title="bbox 161 1722 1237 1783; baseline -0.001 -14"><span class='ocrx_word' id='word_1_168' title='bbox 161 1722 282 1769; x_wconf 86' lang='lat' dir='ltr'><strong>licct</strong></span> <span class='ocrx_word' id='word_1_169' title='bbox 296 1724 350 1769; x_wconf 88' lang='lat' dir='ltr'><strong>in</strong></span> <span class='ocrx_word' id='word_1_170' title='bbox 371 1724 587 1783; x_wconf 81' lang='lat' dir='ltr'><strong>privatis</strong></span> <span class='ocrx_word' id='word_1_171' title='bbox 606 1724 839 1769; x_wconf 86' lang='lat' dir='ltr'><strong>oratoriis</strong></span> <span class='ocrx_word' id='word_1_172' title='bbox 855 1736 1055 1769; x_wconf 86' lang='lat' dir='ltr'><strong>sacrum</strong></span> <span class='ocrx_word' id='word_1_173' title='bbox 1076 1722 1237 1769; x_wconf 78' lang='lat' dir='ltr'><strong>facere</strong></span> 
     </span>
     <span class='ocr_line' id='line_1_22' title="bbox 159 1793 1238 1854; baseline -0.001 -15"><span class='ocrx_word' id='word_1_174' title='bbox 159 1793 325 1851; x_wconf 86' lang='lat' dir='ltr'><strong>(Suar.</strong></span> <span class='ocrx_word' id='word_1_175' title='bbox 360 1794 431 1846; x_wconf 83' lang='lat'><strong>34,</strong></span> <span class='ocrx_word' id='word_1_176' title='bbox 474 1794 510 1846; x_wconf 95' lang='lat' dir='ltr'><strong>l,</strong></span> <span class='ocrx_word' id='word_1_177' title='bbox 533 1796 595 1852; x_wconf 87' lang='grc'><strong>9),</strong></span> <span class='ocrx_word' id='word_1_178' title='bbox 631 1799 681 1839; x_wconf 87' lang='lat' dir='ltr'><strong>et</strong></span> <span class='ocrx_word' id='word_1_179' title='bbox 713 1797 762 1839; x_wconf 91' lang='lat' dir='ltr'><strong>in</strong></span> <span class='ocrx_word' id='word_1_180' title='bbox 798 1793 1028 1841; x_wconf 88' lang='lat' dir='ltr'><strong>ecclesiis</strong></span> <span class='ocrx_word' id='word_1_181' title='bbox 1062 1798 1238 1854; x_wconf 86' lang='lat' dir='ltr'><strong>postea</strong></span> 
     </span>
     <span class='ocr_line' id='line_1_23' title="bbox 160 1863 1237 1921; baseline 0 -12"><span class='ocrx_word' id='word_1_182' title='bbox 160 1865 413 1910; x_wconf 84' lang='lat' dir='ltr'><strong>extructis</strong></span> <span class='ocrx_word' id='word_1_183' title='bbox 438 1863 711 1921; x_wconf 87' lang='lat' dir='ltr'><strong>(Schmalz.</strong></span> <span class='ocrx_word' id='word_1_184' title='bbox 730 1865 785 1917; x_wconf 87' lang='lat' dir='ltr'><strong>V,</strong></span> <span class='ocrx_word' id='word_1_185' title='bbox 807 1866 878 1916; x_wconf 86' lang='grc'><strong>39,</strong></span> <span class='ocrx_word' id='word_1_186' title='bbox 903 1866 1025 1918; x_wconf 62' lang='grc'><strong>331»,</strong></span> <span class='ocrx_word' id='word_1_187' title='bbox 1046 1866 1121 1910; x_wconf 89' lang='lat' dir='ltr'><strong>vel</strong></span> <span class='ocrx_word' id='word_1_188' title='bbox 1142 1864 1237 1909; x_wconf 89' lang='lat' dir='ltr'><strong>sub</strong></span> 
     </span>
     <span class='ocr_line' id='line_1_24' title="bbox 162 1935 1203 1995; baseline -0.001 -16"><span class='ocrx_word' id='word_1_189' title='bbox 162 1935 274 1990; x_wconf 87' lang='lat' dir='ltr'><strong>diu;</strong></span> <span class='ocrx_word' id='word_1_190' title='bbox 313 1938 494 1981; x_wconf 85' lang='lat' dir='ltr'><strong>ceteris</strong></span> <span class='ocrx_word' id='word_1_191' title='bbox 531 1935 733 1995; x_wconf 87' lang='lat' dir='ltr'><strong>paribus</strong></span> <span class='ocrx_word' id='word_1_192' title='bbox 758 1935 918 1982; x_wconf 81' lang='lat' dir='ltr'><strong>(Suar.</strong></span> <span class='ocrx_word' id='word_1_193' title='bbox 946 1936 1019 1990; x_wconf 87' lang='lat'>32,</span> <span class='ocrx_word' id='word_1_194' title='bbox 1046 1935 1090 1990; x_wconf 91' lang='grc'><strong>3,</strong></span> <span class='ocrx_word' id='word_1_195' title='bbox 1122 1936 1203 1987; x_wconf 94' lang='grc'><strong>10).</strong></span> 
     </span>
    </p>

    <p class='ocr_par' dir='ltr' id='par_1_8' title="bbox 221 2005 1010 2054">
     <span class='ocr_line' id='line_1_25' title="bbox 221 2005 1010 2054; baseline 0.003 -4"><span class='ocrx_word' id='word_1_196' title='bbox 221 2005 282 2050; x_wconf 83' lang='grc'><strong>26</strong></span> <span class='ocrx_word' id='word_1_197' title='bbox 315 2006 390 2050; x_wconf 85' lang='lat' dir='ltr'><strong>Ex</strong></span> <span class='ocrx_word' id='word_1_198' title='bbox 427 2007 481 2053; x_wconf 87' lang='lat' dir='ltr'><strong>C.</strong></span> <span class='ocrx_word' id='word_1_199' title='bbox 521 2007 587 2051; x_wconf 90' lang='grc'><strong>17.</strong></span> <span class='ocrx_word' id='word_1_200' title='bbox 626 2007 697 2054; x_wconf 85' lang='lat' dir='ltr'><strong>De</strong></span> <span class='ocrx_word' id='word_1_201' title='bbox 725 2009 769 2050; x_wconf 90' lang='lat' dir='ltr'><strong>S.</strong></span> <span class='ocrx_word' id='word_1_202' title='bbox 792 2008 843 2051; x_wconf 88' lang='grc' dir='ltr'><strong>Ε.</strong></span> <span class='ocrx_word' id='word_1_203' title='bbox 872 2008 922 2052; x_wconf 90' lang='lat' dir='ltr'><strong>in</strong></span> <span class='ocrx_word' id='word_1_204' title='bbox 947 2007 1010 2052; x_wconf 82' lang='lat'><strong>60.</strong></span> 
     </span>
    </p>

    <p class='ocr_par' dir='ltr' id='par_1_9' title="bbox 160 2077 1233 2774">
     <span class='ocr_line' id='line_1_26' title="bbox 227 2077 1231 2137; baseline 0 -15"><span class='ocrx_word' id='word_1_205' title='bbox 227 2077 284 2122; x_wconf 88' lang='grc'><strong>27</strong></span> <span class='ocrx_word' id='word_1_206' title='bbox 318 2078 393 2123; x_wconf 83' lang='lat' dir='ltr'><strong>Ex</strong></span> <span class='ocrx_word' id='word_1_207' title='bbox 418 2079 501 2123; x_wconf 91' lang='lat' dir='ltr'><strong>cit.</strong></span> <span class='ocrx_word' id='word_1_208' title='bbox 525 2079 579 2125; x_wconf 90' lang='lat' dir='ltr'><strong>C.</strong></span> <span class='ocrx_word' id='word_1_209' title='bbox 609 2078 673 2137; x_wconf 68' lang='grc'><strong>13.</strong></span> <span class='ocrx_word' id='word_1_210' title='bbox 698 2080 747 2127; x_wconf 89' lang='lat' dir='ltr'><strong>C.</strong></span> <span class='ocrx_word' id='word_1_211' title='bbox 776 2078 852 2123; x_wconf 88' lang='lat' dir='ltr'><strong>Un</strong></span> <span class='ocrx_word' id='word_1_212' title='bbox 903 2081 974 2125; x_wconf 84' lang='lat' dir='ltr'><strong>De</strong></span> <span class='ocrx_word' id='word_1_213' title='bbox 1002 2080 1231 2126; x_wconf 67' lang='lat' dir='ltr'><strong>Con-secr.</strong></span> 
     </span>
     <span class='ocr_line' id='line_1_27' title="bbox 163 2149 1231 2210; baseline 0.002 -17"><span class='ocrx_word' id='word_1_214' title='bbox 163 2149 215 2194; x_wconf 88' lang='lat' dir='ltr'><strong>in</strong></span> <span class='ocrx_word' id='word_1_215' title='bbox 233 2149 299 2194; x_wconf 80' lang='lat'><strong>6⁰.</strong></span> <span class='ocrx_word' id='word_1_216' title='bbox 322 2149 486 2198; x_wconf 81' lang='lat' dir='ltr'><strong>Quasi</strong></span> <span class='ocrx_word' id='word_1_217' title='bbox 502 2151 815 2203; x_wconf 76' lang='lat' dir='ltr'><strong>accessoria,</strong></span> <span class='ocrx_word' id='word_1_218' title='bbox 835 2154 986 2210; x_wconf 86' lang='lat' dir='ltr'><strong>atque</strong></span> <span class='ocrx_word' id='word_1_219' title='bbox 1006 2150 1118 2196; x_wconf 88' lang='lat' dir='ltr'><strong>ideo</strong></span> <span class='ocrx_word' id='word_1_220' title='bbox 1135 2164 1231 2195; x_wconf 92' lang='lat' dir='ltr'><strong>non</strong></span> 
     </span>
     <span class='ocr_line' id='line_1_28' title="bbox 160 2218 1233 2278; baseline 0.001 -14"><span class='ocrx_word' id='word_1_221' title='bbox 160 2219 262 2265; x_wconf 85' lang='lat' dir='ltr'><strong>alia</strong></span> <span class='ocrx_word' id='word_1_222' title='bbox 280 2218 494 2264; x_wconf 88' lang='lat' dir='ltr'><strong>ecclesia</strong></span> <span class='ocrx_word' id='word_1_223' title='bbox 520 2219 686 2275; x_wconf 86' lang='lat' dir='ltr'><strong>(Suar.</strong></span> <span class='ocrx_word' id='word_1_224' title='bbox 708 2221 780 2272; x_wconf 92' lang='lat'>32,</span> <span class='ocrx_word' id='word_1_225' title='bbox 805 2221 844 2269; x_wconf 87' lang='grc'><strong>2,</strong></span> <span class='ocrx_word' id='word_1_226' title='bbox 873 2222 973 2278; x_wconf 86' lang='grc'><strong>27);</strong></span> <span class='ocrx_word' id='word_1_227' title='bbox 998 2235 1102 2272; x_wconf 89' lang='lat' dir='ltr'><strong>nec,</strong></span> <span class='ocrx_word' id='word_1_228' title='bbox 1127 2235 1233 2266; x_wconf 86' lang='lat' dir='ltr'><strong>coe·</strong></span> 
     </span>
     <span class='ocr_line' id='line_1_29' title="bbox 161 2291 1228 2338; baseline 0.004 -5"><span class='ocrx_word' id='word_1_229' title='bbox 161 2291 367 2335; x_wconf 85' lang='lat' dir='ltr'><strong>meterio</strong></span> <span class='ocrx_word' id='word_1_230' title='bbox 401 2291 683 2338; x_wconf 81' lang='lat' dir='ltr'><strong>interdicto.</strong></span> <span class='ocrx_word' id='word_1_231' title='bbox 705 2291 844 2336; x_wconf 87' lang='lat' dir='ltr'><strong>aliud</strong></span> <span class='ocrx_word' id='word_1_232' title='bbox 875 2293 1228 2338; x_wconf 83' lang='lat' dir='ltr'><strong>coemeterium</strong></span> 
     </span>
     <span class='ocr_line' id='line_1_30' title="bbox 166 2359 1232 2422; baseline 0.001 -15"><span class='ocrx_word' id='word_1_233' title='bbox 166 2361 326 2415; x_wconf 50' lang='lat' dir='ltr'><strong>{Sayn</strong></span> <span class='ocrx_word' id='word_1_234' title='bbox 370 2359 424 2414; x_wconf 90' lang='lat' dir='ltr'><strong>V,</strong></span> <span class='ocrx_word' id='word_1_235' title='bbox 459 2362 502 2414; x_wconf 84' lang='lat'><strong>2,</strong></span> <span class='ocrx_word' id='word_1_236' title='bbox 541 2362 627 2413; x_wconf 88' lang='grc'>18),</span> <span class='ocrx_word' id='word_1_237' title='bbox 671 2361 796 2407; x_wconf 84' lang='lat' dir='ltr'><strong>forte</strong></span> <span class='ocrx_word' id='word_1_238' title='bbox 839 2363 881 2407; x_wconf 90' lang='lat' dir='ltr'><strong>ei</strong></span> <span class='ocrx_word' id='word_1_239' title='bbox 920 2365 1232 2422; x_wconf 81' lang='lat' dir='ltr'><strong>contiguum.</strong></span> 
     </span>
     <span class='ocr_line' id='line_1_31' title="bbox 161 2431 1233 2492; baseline 0.003 -16"><span class='ocrx_word' id='word_1_240' title='bbox 161 2431 309 2477; x_wconf 88' lang='lat' dir='ltr'><strong>Porro</strong></span> <span class='ocrx_word' id='word_1_241' title='bbox 333 2433 574 2490; x_wconf 87' lang='lat' dir='ltr'><strong>contigua</strong></span> <span class='ocrx_word' id='word_1_242' title='bbox 598 2434 889 2492; x_wconf 80' lang='lat' dir='ltr'><strong>accipimus,</strong></span> <span class='ocrx_word' id='word_1_243' title='bbox 913 2445 1127 2492; x_wconf 81' lang='lat' dir='ltr'><strong>quarum</strong></span> <span class='ocrx_word' id='word_1_244' title='bbox 1149 2447 1233 2479; x_wconf 86' lang='lat' dir='ltr'><strong>ex-</strong></span> 
     </span>
     <span class='ocr_line' id='line_1_32' title="bbox 162 2502 1232 2561; baseline 0.003 -15"><span class='ocrx_word' id='word_1_245' title='bbox 162 2502 446 2547; x_wconf 86' lang='lat' dir='ltr'><strong>tremitates</strong></span> <span class='ocrx_word' id='word_1_246' title='bbox 489 2516 599 2547; x_wconf 85' lang='lat' dir='ltr'><strong>sese</strong></span> <span class='ocrx_word' id='word_1_247' title='bbox 634 2505 939 2561; x_wconf 77' lang='lat' dir='ltr'><strong>contingunt</strong></span> <span class='ocrx_word' id='word_1_248' title='bbox 975 2507 1030 2547; x_wconf 90' lang='lat' dir='ltr'><strong>ut</strong></span> <span class='ocrx_word' id='word_1_249' title='bbox 1068 2503 1232 2549; x_wconf 83' lang='lat' dir='ltr'><strong>divisa</strong></span> 
     </span>
     <span class='ocr_line' id='line_1_33' title="bbox 160 2573 1232 2634; baseline 0.001 -15"><span class='ocrx_word' id='word_1_250' title='bbox 160 2573 331 2619; x_wconf 87' lang='lat' dir='ltr'><strong>eodem</strong></span> <span class='ocrx_word' id='word_1_251' title='bbox 359 2575 574 2634; x_wconf 87' lang='lat' dir='ltr'><strong>pariete;</strong></span> <span class='ocrx_word' id='word_1_252' title='bbox 600 2574 724 2625; x_wconf 85' lang='lat' dir='ltr'><strong>ideo,</strong></span> <span class='ocrx_word' id='word_1_253' title='bbox 758 2575 862 2620; x_wconf 87' lang='lat' dir='ltr'><strong>loeo</strong></span> <span class='ocrx_word' id='word_1_254' title='bbox 889 2589 1048 2620; x_wconf 79' lang='lat' dir='ltr'><strong>vacuo</strong></span> <span class='ocrx_word' id='word_1_255' title='bbox 1082 2577 1232 2620; x_wconf 88' lang='lat' dir='ltr'><strong>inter-</strong></span> 
     </span>
     <span class='ocr_line' id='line_1_34' title="bbox 161 2644 1231 2705; baseline 0.001 -16"><span class='ocrx_word' id='word_1_256' title='bbox 161 2644 344 2703; x_wconf 88' lang='lat' dir='ltr'><strong>posito,</strong></span> <span class='ocrx_word' id='word_1_257' title='bbox 368 2645 485 2691; x_wconf 88' lang='lat' dir='ltr'><strong>licet</strong></span> <span class='ocrx_word' id='word_1_258' title='bbox 510 2646 708 2704; x_wconf 84' lang='lat' dir='ltr'><strong>exiguo,</strong></span> <span class='ocrx_word' id='word_1_259' title='bbox 732 2647 971 2705; x_wconf 85' lang='lat' dir='ltr'><strong>contigua</strong></span> <span class='ocrx_word' id='word_1_260' title='bbox 993 2659 1090 2690; x_wconf 92' lang='lat' dir='ltr'><strong>non</strong></span> <span class='ocrx_word' id='word_1_261' title='bbox 1111 2649 1231 2691; x_wconf 89' lang='lat' dir='ltr'><strong>sunt</strong></span> 
     </span>
     <span class='ocr_line' id='line_1_35' title="bbox 161 2714 523 2774; baseline 0 -14"><span class='ocrx_word' id='word_1_262' title='bbox 161 2714 324 2774; x_wconf 86' lang='lat' dir='ltr'><strong>(Sayr.</strong></span> <span class='ocrx_word' id='word_1_263' title='bbox 359 2729 407 2761; x_wconf 89' lang='lat' dir='ltr'><strong>n.</strong></span> <span class='ocrx_word' id='word_1_264' title='bbox 438 2718 523 2774; x_wconf 91' lang='grc'><strong>17).</strong></span> 
     </span>
    </p>

    <p class='ocr_par' dir='ltr' id='par_1_10' title="bbox 153 2785 1231 3341">
     <span class='ocr_line' id='line_1_36' title="bbox 218 2785 1230 2839; baseline 0.001 -10"><span class='ocrx_word' id='word_1_265' title='bbox 218 2785 279 2829; x_wconf 87' lang='grc'><strong>28</strong></span> <span class='ocrx_word' id='word_1_266' title='bbox 313 2787 366 2833; x_wconf 91' lang='lat' dir='ltr'><strong>C.</strong></span> <span class='ocrx_word' id='word_1_267' title='bbox 407 2787 473 2832; x_wconf 87' lang='lat'><strong>17.</strong></span> <span class='ocrx_word' id='word_1_268' title='bbox 507 2789 582 2833; x_wconf 87' lang='lat' dir='ltr'><strong>De</strong></span> <span class='ocrx_word' id='word_1_269' title='bbox 607 2787 652 2830; x_wconf 80' lang='lat' dir='ltr'><strong>S.</strong></span> <span class='ocrx_word' id='word_1_270' title='bbox 677 2789 723 2831; x_wconf 84' lang='lat' dir='ltr'><em>E</em></span> <span class='ocrx_word' id='word_1_271' title='bbox 758 2788 807 2832; x_wconf 90' lang='lat' dir='ltr'><strong>iu</strong></span> <span class='ocrx_word' id='word_1_272' title='bbox 832 2789 893 2832; x_wconf 80' lang='lat'><strong>60.</strong></span> <span class='ocrx_word' id='word_1_273' title='bbox 923 2787 1066 2832; x_wconf 79' lang='lat' dir='ltr'><strong>Suar.</strong></span> <span class='ocrx_word' id='word_1_274' title='bbox 1092 2786 1165 2839; x_wconf 87' lang='lat'>32,</span> <span class='ocrx_word' id='word_1_275' title='bbox 1189 2789 1230 2838; x_wconf 84' lang='lat'><strong>2,</strong></span> 
     </span>
     <span class='ocr_line' id='line_1_37' title="bbox 154 2855 1231 2911; baseline 0.005 -14"><span class='ocrx_word' id='word_1_276' title='bbox 154 2855 230 2901; x_wconf 91' lang='grc'><strong>23.</strong></span> <span class='ocrx_word' id='word_1_277' title='bbox 253 2855 400 2902; x_wconf 85' lang='lat' dir='ltr'><strong>Reiff.</strong></span> <span class='ocrx_word' id='word_1_278' title='bbox 423 2857 478 2911; x_wconf 89' lang='lat' dir='ltr'><strong>V,</strong></span> <span class='ocrx_word' id='word_1_279' title='bbox 502 2858 570 2908; x_wconf 86' lang='lat'><strong>39,</strong></span> <span class='ocrx_word' id='word_1_280' title='bbox 602 2858 698 2902; x_wconf 86' lang='lat'>192.</span> <span class='ocrx_word' id='word_1_281' title='bbox 738 2859 797 2902; x_wconf 87' lang='lat' dir='ltr'><strong>Et</strong></span> <span class='ocrx_word' id='word_1_282' title='bbox 827 2858 1038 2903; x_wconf 88' lang='lat' dir='ltr'><strong>ecclesia</strong></span> <span class='ocrx_word' id='word_1_283' title='bbox 1061 2857 1231 2904; x_wconf 82' lang='lat' dir='ltr'><strong>cathe-</strong></span> 
     </span>
     <span class='ocr_line' id='line_1_38' title="bbox 154 2924 1231 2987; baseline 0.003 -18"><span class='ocrx_word' id='word_1_284' title='bbox 154 2924 327 2977; x_wconf 84' lang='lat' dir='ltr'><strong>dralis,</strong></span> <span class='ocrx_word' id='word_1_285' title='bbox 368 2939 497 2987; x_wconf 87' lang='lat' dir='ltr'><strong>quae</strong></span> <span class='ocrx_word' id='word_1_286' title='bbox 531 2942 593 2973; x_wconf 84' lang='lat' dir='ltr'><strong>ex</strong></span> <span class='ocrx_word' id='word_1_287' title='bbox 629 2929 711 2974; x_wconf 85' lang='lat' dir='ltr'><strong>cit.</strong></span> <span class='ocrx_word' id='word_1_288' title='bbox 748 2929 799 2976; x_wconf 90' lang='lat' dir='ltr'><strong>C.</strong></span> <span class='ocrx_word' id='word_1_289' title='bbox 848 2929 912 2981; x_wconf 83' lang='lat'><strong>17,</strong></span> <span class='ocrx_word' id='word_1_290' title='bbox 951 2934 1087 2974; x_wconf 78' lang='lat' dir='ltr'><strong>certa</strong></span> <span class='ocrx_word' id='word_1_291' title='bbox 1131 2928 1231 2972; x_wconf 84' lang='lat' dir='ltr'><strong>fere</strong></span> 
     </span>
     <span class='ocr_line' id='line_1_39' title="bbox 153 2998 1231 3050; baseline 0.004 -11"><span class='ocrx_word' id='word_1_292' title='bbox 153 2998 382 3042; x_wconf 86' lang='lat' dir='ltr'><strong>omnium</strong></span> <span class='ocrx_word' id='word_1_293' title='bbox 407 2999 567 3050; x_wconf 67' lang='lat' dir='ltr'><strong>(Su-ar.</strong></span> <span class='ocrx_word' id='word_1_294' title='bbox 596 2999 667 3049; x_wconf 89' lang='lat'>32,</span> <span class='ocrx_word' id='word_1_295' title='bbox 687 2998 728 3049; x_wconf 83' lang='lat'><strong>2,</strong></span> <span class='ocrx_word' id='word_1_296' title='bbox 756 2999 848 3050; x_wconf 59' lang='grc' dir='ltr'><strong>22η</strong></span> <span class='ocrx_word' id='word_1_297' title='bbox 885 3013 983 3044; x_wconf 90' lang='lat' dir='ltr'><strong>non</strong></span> <span class='ocrx_word' id='word_1_298' title='bbox 1009 3001 1128 3044; x_wconf 83' lang='lat' dir='ltr'><strong>item</strong></span> <span class='ocrx_word' id='word_1_299' title='bbox 1160 3000 1231 3043; x_wconf 90' lang='lat' dir='ltr'><strong>in-</strong></span> 
     </span>
     <span class='ocr_line' id='line_1_40' title="bbox 156 3065 1228 3129; baseline 0.007 -21"><span class='ocrx_word' id='word_1_300' title='bbox 156 3065 388 3111; x_wconf 88' lang='lat' dir='ltr'><strong>terdictis</strong></span> <span class='ocrx_word' id='word_1_301' title='bbox 406 3068 641 3114; x_wconf 81' lang='lat' dir='ltr'><strong>omnibus</strong></span> <span class='ocrx_word' id='word_1_302' title='bbox 667 3069 806 3114; x_wconf 81' lang='lat' dir='ltr'><strong>urbis</strong></span> <span class='ocrx_word' id='word_1_303' title='bbox 834 3070 1062 3115; x_wconf 88' lang='lat' dir='ltr'><strong>ecclesiis</strong></span> <span class='ocrx_word' id='word_1_304' title='bbox 1087 3070 1228 3129; x_wconf 82' lang='lat' dir='ltr'><strong>(quia</strong></span> 
     </span>
     <span class='ocr_line' id='line_1_41' title="bbox 156 3136 1230 3200; baseline 0.005 -21"><span class='ocrx_word' id='word_1_305' title='bbox 156 3136 251 3180; x_wconf 85' lang='lat' dir='ltr'><strong>hoc</strong></span> <span class='ocrx_word' id='word_1_306' title='bbox 293 3136 622 3183; x_wconf 76' lang='lat' dir='ltr'><strong>interdictum</strong></span> <span class='ocrx_word' id='word_1_307' title='bbox 674 3140 892 3198; x_wconf 78' lang='lat' dir='ltr'><strong>speciale</strong></span> <span class='ocrx_word' id='word_1_308' title='bbox 941 3142 1053 3197; x_wconf 86' lang='lat' dir='ltr'><strong>est),</strong></span> <span class='ocrx_word' id='word_1_309' title='bbox 1101 3153 1230 3200; x_wconf 81' lang='lat' dir='ltr'><strong>quac</strong></span> 
     </span>
     <span class='ocr_line' id='line_1_42' title="bbox 159 3207 1225 3256; baseline 0.005 -6"><span class='ocrx_word' id='word_1_310' title='bbox 159 3207 322 3252; x_wconf 80' lang='lat' dir='ltr'><strong>verior</strong></span> <span class='ocrx_word' id='word_1_311' title='bbox 356 3220 419 3253; x_wconf 81' lang='lat' dir='ltr'><strong>ex</strong></span> <span class='ocrx_word' id='word_1_312' title='bbox 454 3209 504 3256; x_wconf 89' lang='lat' dir='ltr'><strong>C.</strong></span> <span class='ocrx_word' id='word_1_313' title='bbox 541 3214 566 3253; x_wconf 83' lang='lat'>4</span> <span class='ocrx_word' id='word_1_314' title='bbox 607 3215 671 3256; x_wconf 81' lang='lat' dir='ltr'><strong>De</strong></span> <span class='ocrx_word' id='word_1_315' title='bbox 704 3212 886 3256; x_wconf 73' lang='lat' dir='ltr'><strong>Praeb.</strong></span> <span class='ocrx_word' id='word_1_316' title='bbox 922 3212 971 3256; x_wconf 90' lang='lat' dir='ltr'><strong>in</strong></span> <span class='ocrx_word' id='word_1_317' title='bbox 1005 3212 1053 3254; x_wconf 90' lang='lat'><strong>6⁰</strong></span> <span class='ocrx_word' id='word_1_318' title='bbox 1109 3224 1225 3256; x_wconf 89' lang='lat' dir='ltr'><strong>sen·</strong></span> 
     </span>
     <span class='ocr_line' id='line_1_43' title="bbox 157 3278 1227 3341; baseline 0.005 -20"><span class='ocrx_word' id='word_1_319' title='bbox 157 3278 319 3322; x_wconf 81' lang='lat' dir='ltr'><strong>tentia</strong></span> <span class='ocrx_word' id='word_1_320' title='bbox 337 3283 428 3323; x_wconf 88' lang='lat' dir='ltr'><strong>est.</strong></span> <span class='ocrx_word' id='word_1_321' title='bbox 458 3281 586 3323; x_wconf 74' lang='lat' dir='ltr'><strong>Urbs</strong></span> <span class='ocrx_word' id='word_1_322' title='bbox 607 3280 794 3325; x_wconf 81' lang='lat' dir='ltr'><strong>dicitur</strong></span> <span class='ocrx_word' id='word_1_323' title='bbox 818 3294 947 3341; x_wconf 83' lang='lat' dir='ltr'><strong>quae</strong></span> <span class='ocrx_word' id='word_1_324' title='bbox 973 3295 1227 3326; x_wconf 87' lang='lat' dir='ltr'><strong>murorum</strong></span> 
     </span>
    </p>
   </div>
   <div class='ocr_carea' id='block_1_7' title="bbox 156 3328 2039 3550">
    <p class='ocr_par' dir='ltr' id='par_1_11' title="bbox 156 3328 2039 3550">
     <span class='ocr_line' id='line_1_44' title="bbox 157 3328 1290 3406; baseline 0.006 -15"><span class='ocrx_word' id='word_1_325' title='bbox 157 3345 351 3392; x_wconf 86' lang='lat' dir='ltr'><strong>ambitu</strong></span> <span class='ocrx_word' id='word_1_326' title='bbox 377 3349 663 3394; x_wconf 90' lang='lat' dir='ltr'><strong>continetur</strong></span> <span class='ocrx_word' id='word_1_327' title='bbox 684 3351 754 3396; x_wconf 83' lang='lat' dir='ltr'><strong>‹L.</strong></span> <span class='ocrx_word' id='word_1_328' title='bbox 779 3352 819 3396; x_wconf 92' lang='grc'><strong>2.</strong></span> <span class='ocrx_word' id='word_1_329' title='bbox 842 3354 913 3399; x_wconf 83' lang='lat' dir='ltr'><strong>De</strong></span> <span class='ocrx_word' id='word_1_330' title='bbox 942 3353 986 3397; x_wconf 90' lang='lat' dir='ltr'><strong>V.</strong></span> <span class='ocrx_word' id='word_1_331' title='bbox 1018 3354 1097 3406; x_wconf 87' lang='lat' dir='ltr'><strong>S.):</strong></span> <span class='ocrx_word' id='word_1_332' title='bbox 1117 3364 1232 3397; x_wconf 84' lang='lat' dir='ltr'><strong>con·</strong></span> <span class='ocrx_word' id='word_1_333' title='bbox 1286 3328 1290 3388; x_wconf 65' lang='grc'><strong>1</strong></span> 
     </span>
     <span class='ocr_line' id='line_1_45' title="bbox 1288 3421 2039 3480; baseline -0.001 -14"><span class='ocrx_word' id='word_1_334' title='bbox 1288 3430 1291 3466; x_wconf 76' lang='lat' dir='ltr'><strong>i</strong></span> <span class='ocrx_word' id='word_1_335' title='bbox 1340 3433 1438 3480; x_wconf 90' lang='lat' dir='ltr'><strong>quo</strong></span> <span class='ocrx_word' id='word_1_336' title='bbox 1475 3425 1737 3467; x_wconf 85' lang='lat' dir='ltr'><strong>morantur</strong></span> <span class='ocrx_word' id='word_1_337' title='bbox 1770 3426 1815 3475; x_wconf 69' lang='grc' dir='ltr'><strong>(ἓ</strong></span> <span class='ocrx_word' id='word_1_338' title='bbox 1847 3422 1920 3474; x_wconf 88' lang='grc'><strong>86,</strong></span> <span class='ocrx_word' id='word_1_339' title='bbox 1945 3421 2039 3478; x_wconf 84' lang='grc'><strong>33).</strong></span> 
     </span>
     <span class='ocr_line' id='line_1_46' title="bbox 156 3485 1292 3550; baseline 0.004 -16"><span class='ocrx_word' id='word_1_340' title='bbox 156 3493 293 3541; x_wconf 90' lang='lat' dir='ltr'><strong>sunt,</strong></span> <span class='ocrx_word' id='word_1_341' title='bbox 311 3503 403 3535; x_wconf 86' lang='lat' dir='ltr'><strong>seu</strong></span> <span class='ocrx_word' id='word_1_342' title='bbox 423 3489 726 3550; x_wconf 73' lang='lat' dir='ltr'><strong>adjacentia2</strong></span> <span class='ocrx_word' id='word_1_343' title='bbox 748 3493 1020 3539; x_wconf 85' lang='lat' dir='ltr'><strong>dummodo</strong></span> <span class='ocrx_word' id='word_1_344' title='bbox 1040 3507 1136 3539; x_wconf 85' lang='lat' dir='ltr'><strong>non</strong></span> <span class='ocrx_word' id='word_1_345' title='bbox 1158 3492 1230 3538; x_wconf 90' lang='lat' dir='ltr'><strong>di·</strong></span> <span class='ocrx_word' id='word_1_346' title='bbox 1288 3485 1292 3529; x_wconf 64' lang='grc'><strong>1</strong></span> 
     </span>
    </p>
   </div>
   <div class='ocr_carea' id='block_1_8' title="bbox 157 3420 1232 3482">
    <p class='ocr_par' dir='ltr' id='par_1_12' title="bbox 157 3420 1232 3482">
     <span class='ocr_line' id='line_1_47' title="bbox 157 3420 1232 3482; baseline 0.006 -21"><span class='ocrx_word' id='word_1_347' title='bbox 157 3420 379 3465; x_wconf 80' lang='lat' dir='ltr'><strong>tinentia</strong></span> <span class='ocrx_word' id='word_1_348' title='bbox 401 3434 514 3464; x_wconf 90' lang='lat' dir='ltr'><strong>vero</strong></span> <span class='ocrx_word' id='word_1_349' title='bbox 534 3421 775 3471; x_wconf 80' lang='lat' dir='ltr'><strong>aedificia,</strong></span> <span class='ocrx_word' id='word_1_350' title='bbox 798 3435 927 3482; x_wconf 85' lang='lat' dir='ltr'><strong>quae</strong></span> <span class='ocrx_word' id='word_1_351' title='bbox 946 3424 1232 3482; x_wconf 89' lang='lat' dir='ltr'><strong>propinqua</strong></span> 
     </span>
    </p>
   </div>
   <div class='ocr_carea' id='block_1_9' title="bbox 1336 1652 2412 3198">
    <p class='ocr_par' dir='ltr' id='par_1_13' title="bbox 1400 1652 2351 1709">
     <span class='ocr_line' id='line_1_48' title="bbox 1400 1652 2351 1709; baseline 0.007 -13"><span class='ocrx_word' id='word_1_352' title='bbox 1400 1653 1459 1696; x_wconf 90' lang='grc'><strong>29</strong></span> <span class='ocrx_word' id='word_1_353' title='bbox 1491 1652 1568 1696; x_wconf 85' lang='lat' dir='ltr'><strong>Ex</strong></span> <span class='ocrx_word' id='word_1_354' title='bbox 1602 1652 1698 1700; x_wconf 85' lang='lat' dir='ltr'><strong>cit.</strong></span> <span class='ocrx_word' id='word_1_355' title='bbox 1732 1653 1785 1700; x_wconf 88' lang='lat' dir='ltr'><strong>C.</strong></span> <span class='ocrx_word' id='word_1_356' title='bbox 1814 1653 1878 1697; x_wconf 88' lang='lat'><strong>17.</strong></span> <span class='ocrx_word' id='word_1_357' title='bbox 1913 1652 2054 1700; x_wconf 62' lang='lat' dir='ltr'><strong>Suar⁴</strong></span> <span class='ocrx_word' id='word_1_358' title='bbox 2089 1654 2166 1709; x_wconf 87' lang='grc'><strong>32,</strong></span> <span class='ocrx_word' id='word_1_359' title='bbox 2197 1655 2241 1709; x_wconf 87' lang='grc'><strong>2,</strong></span> <span class='ocrx_word' id='word_1_360' title='bbox 2274 1655 2351 1703; x_wconf 86' lang='grc'><strong>26.</strong></span> 
     </span>
    </p>

    <p class='ocr_par' dir='ltr' id='par_1_14' title="bbox 1339 1723 2410 2136">
     <span class='ocr_line' id='line_1_49' title="bbox 1399 1723 2407 1787; baseline 0.007 -20"><span class='ocrx_word' id='word_1_361' title='bbox 1399 1723 1458 1768; x_wconf 90' lang='grc'><strong>30</strong></span> <span class='ocrx_word' id='word_1_362' title='bbox 1475 1723 1617 1770; x_wconf 86' lang='lat' dir='ltr'><strong>Suar.</strong></span> <span class='ocrx_word' id='word_1_363' title='bbox 1637 1724 1710 1777; x_wconf 89' lang='lat'><strong>35,</strong></span> <span class='ocrx_word' id='word_1_364' title='bbox 1730 1724 1770 1776; x_wconf 85' lang='lat'><strong>2,</strong></span> <span class='ocrx_word' id='word_1_365' title='bbox 1793 1724 1830 1771; x_wconf 90' lang='grc'><strong>1.</strong></span> <span class='ocrx_word' id='word_1_366' title='bbox 1851 1723 1978 1770; x_wconf 87' lang='lat' dir='ltr'><strong>Nam</strong></span> <span class='ocrx_word' id='word_1_367' title='bbox 1997 1737 2126 1784; x_wconf 84' lang='lat' dir='ltr'><strong>quae</strong></span> <span class='ocrx_word' id='word_1_368' title='bbox 2146 1725 2407 1787; x_wconf 81' lang='lat' dir='ltr'><strong>prohiben-</strong></span> 
     </span>
     <span class='ocr_line' id='line_1_50' title="bbox 1339 1793 2410 1853; baseline 0.005 -13"><span class='ocrx_word' id='word_1_369' title='bbox 1339 1801 1422 1840; x_wconf 87' lang='lat' dir='ltr'><strong>tur</strong></span> <span class='ocrx_word' id='word_1_370' title='bbox 1458 1795 1508 1839; x_wconf 92' lang='lat' dir='ltr'><strong>in</strong></span> <span class='ocrx_word' id='word_1_371' title='bbox 1543 1793 1667 1839; x_wconf 90' lang='lat' dir='ltr'><strong>locis</strong></span> <span class='ocrx_word' id='word_1_372' title='bbox 1689 1794 1995 1853; x_wconf 83' lang='lat' dir='ltr'><strong>generaliter</strong></span> <span class='ocrx_word' id='word_1_373' title='bbox 2021 1795 2324 1851; x_wconf 85' lang='lat' dir='ltr'><strong>interdictis,</strong></span> <span class='ocrx_word' id='word_1_374' title='bbox 2349 1810 2410 1845; x_wconf 79' lang='lat' dir='ltr'><strong>ca</strong></span> 
     </span>
     <span class='ocr_line' id='line_1_51' title="bbox 1341 1865 2405 1926; baseline 0.004 -15"><span class='ocrx_word' id='word_1_375' title='bbox 1341 1869 1392 1912; x_wconf 87' lang='lat' dir='ltr'><strong>et</strong></span> <span class='ocrx_word' id='word_1_376' title='bbox 1423 1865 1475 1911; x_wconf 91' lang='lat' dir='ltr'><strong>in</strong></span> <span class='ocrx_word' id='word_1_377' title='bbox 1510 1865 1796 1911; x_wconf 84' lang='lat' dir='ltr'><strong>interdictis</strong></span> <span class='ocrx_word' id='word_1_378' title='bbox 1821 1865 2111 1925; x_wconf 79' lang='lat' dir='ltr'><strong>specialiter</strong></span> <span class='ocrx_word' id='word_1_379' title='bbox 2133 1866 2405 1926; x_wconf 80' lang='lat' dir='ltr'><strong>prohiben-</strong></span> 
     </span>
     <span class='ocr_line' id='line_1_52' title="bbox 1339 1937 2407 1998; baseline 0.004 -16"><span class='ocrx_word' id='word_1_380' title='bbox 1339 1940 1423 1982; x_wconf 88' lang='lat' dir='ltr'><strong>tur</strong></span> <span class='ocrx_word' id='word_1_381' title='bbox 1448 1962 1470 1973; x_wconf 91' lang='lat'>-</span> <span class='ocrx_word' id='word_1_382' title='bbox 1499 1938 1653 1991; x_wconf 82' lang='lat' dir='ltr'><strong>Pene,</strong></span> <span class='ocrx_word' id='word_1_383' title='bbox 1675 1938 1796 1996; x_wconf 90' lang='lat' dir='ltr'><strong>quia</strong></span> <span class='ocrx_word' id='word_1_384' title='bbox 1820 1937 1871 1982; x_wconf 90' lang='lat' dir='ltr'><strong>in</strong></span> <span class='ocrx_word' id='word_1_385' title='bbox 1894 1937 2165 1984; x_wconf 87' lang='lat' dir='ltr'><strong>interdicto</strong></span> <span class='ocrx_word' id='word_1_386' title='bbox 2198 1939 2407 1998; x_wconf 81' lang='lat' dir='ltr'><strong>speciali</strong></span> 
     </span>
     <span class='ocr_line' id='line_1_53' title="bbox 1340 2007 2405 2068; baseline 0.001 -13"><span class='ocrx_word' id='word_1_387' title='bbox 1340 2012 1543 2055; x_wconf 85' lang='lat' dir='ltr'><strong>cessant</strong></span> <span class='ocrx_word' id='word_1_388' title='bbox 1595 2008 1875 2067; x_wconf 83' lang='lat' dir='ltr'><strong>privilegia,</strong></span> <span class='ocrx_word' id='word_1_389' title='bbox 1918 2007 1979 2053; x_wconf 87' lang='lat' dir='ltr'><strong>de</strong></span> <span class='ocrx_word' id='word_1_390' title='bbox 2036 2008 2222 2068; x_wconf 86' lang='lat' dir='ltr'><strong>quibus</strong></span> <span class='ocrx_word' id='word_1_391' title='bbox 2277 2010 2405 2056; x_wconf 80' lang='lat' dir='ltr'><strong>infra</strong></span> 
     </span>
     <span class='ocr_line' id='line_1_54' title="bbox 1339 2079 1687 2136; baseline 0.003 -12"><span class='ocrx_word' id='word_1_392' title='bbox 1339 2080 1502 2136; x_wconf 82' lang='lat' dir='ltr'><strong>(Suar.</strong></span> <span class='ocrx_word' id='word_1_393' title='bbox 1535 2079 1567 2125; x_wconf 91' lang='lat'><strong>1.</strong></span> <span class='ocrx_word' id='word_1_394' title='bbox 1607 2081 1687 2135; x_wconf 81' lang='lat' dir='ltr'><strong>c.).</strong></span> 
     </span>
    </p>

    <p class='ocr_par' dir='ltr' id='par_1_15' title="bbox 1336 2149 2411 2563">
     <span class='ocr_line' id='line_1_55' title="bbox 1397 2149 2410 2204; baseline 0.001 -9"><span class='ocrx_word' id='word_1_395' title='bbox 1397 2151 1446 2195; x_wconf 91' lang='lat' dir='ltr'><strong>3l</strong></span> <span class='ocrx_word' id='word_1_396' title='bbox 1489 2150 1582 2198; x_wconf 89' lang='lat' dir='ltr'><strong>CC.</strong></span> <span class='ocrx_word' id='word_1_397' title='bbox 1622 2151 1690 2204; x_wconf 89' lang='grc'><strong>10,</strong></span> <span class='ocrx_word' id='word_1_398' title='bbox 1718 2151 1785 2204; x_wconf 88' lang='grc'><strong>16,</strong></span> <span class='ocrx_word' id='word_1_399' title='bbox 1814 2151 1877 2194; x_wconf 86' lang='grc'><strong>17.</strong></span> <span class='ocrx_word' id='word_1_400' title='bbox 1908 2151 1983 2198; x_wconf 87' lang='lat' dir='ltr'><strong>De</strong></span> <span class='ocrx_word' id='word_1_401' title='bbox 2006 2149 2051 2196; x_wconf 81' lang='lat' dir='ltr'><strong>S.</strong></span> <span class='ocrx_word' id='word_1_402' title='bbox 2074 2150 2130 2195; x_wconf 83' lang='grc' dir='ltr'><strong>Ε.</strong></span> <span class='ocrx_word' id='word_1_403' title='bbox 2157 2149 2410 2197; x_wconf 80' lang='lat' dir='ltr'><strong>Absentca</strong></span> 
     </span>
     <span class='ocr_line' id='line_1_56' title="bbox 1338 2219 2411 2282; baseline 0.001 -16"><span class='ocrx_word' id='word_1_404' title='bbox 1338 2234 1538 2282; x_wconf 90' lang='lat' dir='ltr'><strong>quoque</strong></span> <span class='ocrx_word' id='word_1_405' title='bbox 1561 2221 1779 2267; x_wconf 71' lang='lat' dir='ltr'><strong>¹Silvest.</strong></span> <span class='ocrx_word' id='word_1_406' title='bbox 1796 2221 2198 2268; x_wconf 80' lang='lat' dir='ltr'><strong>V.Interdictum</strong></span> <span class='ocrx_word' id='word_1_407' title='bbox 2214 2219 2275 2273; x_wconf 93' lang='lat'><strong>11,</strong></span> <span class='ocrx_word' id='word_1_408' title='bbox 2289 2225 2320 2277; x_wconf 70' lang='lat' dir='ltr'><strong>g</strong></span> <span class='ocrx_word' id='word_1_409' title='bbox 2338 2223 2386 2276; x_wconf 91' lang='grc'><strong>2)</strong></span> <span class='ocrx_word' id='word_1_410' title='bbox 2401 2237 2411 2275; x_wconf 89' lang='grc'><strong>;</strong></span> 
     </span>
     <span class='ocr_line' id='line_1_57' title="bbox 1337 2292 2409 2351; baseline 0.002 -14"><span class='ocrx_word' id='word_1_411' title='bbox 1337 2295 1443 2338; x_wconf 79' lang='lat' dir='ltr'><strong>nisi</strong></span> <span class='ocrx_word' id='word_1_412' title='bbox 1460 2295 1668 2337; x_wconf 78' lang='lat' dir='ltr'><strong>omnino</strong></span> <span class='ocrx_word' id='word_1_413' title='bbox 1685 2294 2010 2338; x_wconf 83' lang='lat' dir='ltr'><strong>domicilium</strong></span> <span class='ocrx_word' id='word_1_414' title='bbox 2035 2296 2233 2339; x_wconf 66' lang='lat' dir='ltr'><strong>„autent</strong></span> <span class='ocrx_word' id='word_1_415' title='bbox 2253 2292 2409 2351; x_wconf 53' lang='grc' dir='ltr'>(διψῇ</span> 
     </span>
     <span class='ocr_line' id='line_1_58' title="bbox 1341 2361 2410 2421; baseline 0.004 -16"><span class='ocrx_word' id='word_1_416' title='bbox 1341 2361 1392 2414; x_wconf 88' lang='lat' dir='ltr'><strong>V,</strong></span> <span class='ocrx_word' id='word_1_417' title='bbox 1422 2363 1466 2415; x_wconf 82' lang='lat'><strong>4,</strong></span> <span class='ocrx_word' id='word_1_418' title='bbox 1500 2366 1543 2415; x_wconf 83' lang='grc'><strong>4)</strong></span> <span class='ocrx_word' id='word_1_419' title='bbox 1571 2387 1593 2397; x_wconf 90' lang='grc'>-</span> <span class='ocrx_word' id='word_1_420' title='bbox 1623 2362 1729 2408; x_wconf 83' lang='grc' dir='ltr'><strong>Νου</strong></span> <span class='ocrx_word' id='word_1_421' title='bbox 1766 2362 2003 2421; x_wconf 89' lang='lat' dir='ltr'><strong>populus,</strong></span> <span class='ocrx_word' id='word_1_422' title='bbox 2036 2366 2227 2415; x_wconf 75' lang='lat' dir='ltr'><strong>coetuS,</strong></span> <span class='ocrx_word' id='word_1_423' title='bbox 2259 2361 2410 2414; x_wconf 79' lang='lat' dir='ltr'><strong>ordo;</strong></span> 
     </span>
     <span class='ocr_line' id='line_1_59' title="bbox 1336 2433 2406 2493; baseline 0.001 -15"><span class='ocrx_word' id='word_1_424' title='bbox 1336 2433 1454 2492; x_wconf 89' lang='lat' dir='ltr'><strong>quia</strong></span> <span class='ocrx_word' id='word_1_425' title='bbox 1476 2445 1689 2493; x_wconf 86' lang='lat' dir='ltr'><strong>persona</strong></span> <span class='ocrx_word' id='word_1_426' title='bbox 1708 2433 1914 2478; x_wconf 85' lang='lat' dir='ltr'><strong>moralis</strong></span> <span class='ocrx_word' id='word_1_427' title='bbox 1930 2446 2028 2478; x_wconf 91' lang='lat' dir='ltr'><strong>non</strong></span> <span class='ocrx_word' id='word_1_428' title='bbox 2053 2436 2132 2478; x_wconf 85' lang='lat' dir='ltr'><strong>est</strong></span> <span class='ocrx_word' id='word_1_429' title='bbox 2149 2446 2406 2480; x_wconf 80' lang='lat' dir='ltr'><strong>sacrorum</strong></span> 
     </span>
     <span class='ocr_line' id='line_1_60' title="bbox 1338 2502 2376 2563; baseline 0 -15"><span class='ocrx_word' id='word_1_430' title='bbox 1338 2504 1591 2563; x_wconf 83' lang='lat' dir='ltr'><strong>particeps</strong></span> <span class='ocrx_word' id='word_1_431' title='bbox 1617 2502 1779 2560; x_wconf 82' lang='lat' dir='ltr'><strong>(Suar.</strong></span> <span class='ocrx_word' id='word_1_432' title='bbox 1803 2504 1874 2556; x_wconf 85' lang='lat'>32,</span> <span class='ocrx_word' id='word_1_433' title='bbox 1899 2504 1941 2559; x_wconf 91' lang='grc'><strong>2,</strong></span> <span class='ocrx_word' id='word_1_434' title='bbox 1973 2504 2036 2548; x_wconf 90' lang='grc'><strong>13.</strong></span> <span class='ocrx_word' id='word_1_435' title='bbox 2065 2502 2118 2548; x_wconf 87' lang='lat' dir='ltr'><strong>V.</strong></span> <span class='ocrx_word' id='word_1_436' title='bbox 2143 2507 2173 2558; x_wconf 70' lang='grc'>5</span> <span class='ocrx_word' id='word_1_437' title='bbox 2193 2503 2296 2555; x_wconf 83' lang='grc'><strong>325,</strong></span> <span class='ocrx_word' id='word_1_438' title='bbox 2313 2503 2376 2562; x_wconf 88' lang='grc'><strong>9).</strong></span> 
     </span>
    </p>

    <p class='ocr_par' dir='ltr' id='par_1_16' title="bbox 1336 2573 2408 2843">
     <span class='ocr_line' id='line_1_61' title="bbox 1398 2573 2403 2635; baseline 0.004 -18"><span class='ocrx_word' id='word_1_439' title='bbox 1398 2576 1458 2618; x_wconf 87' lang='grc'><strong>32</strong></span> <span class='ocrx_word' id='word_1_440' title='bbox 1492 2575 1631 2635; x_wconf 79' lang='lat' dir='ltr'><strong>Sayr.</strong></span> <span class='ocrx_word' id='word_1_441' title='bbox 1669 2575 1725 2627; x_wconf 90' lang='lat' dir='ltr'><strong>V,</strong></span> <span class='ocrx_word' id='word_1_442' title='bbox 1760 2580 1800 2629; x_wconf 81' lang='grc'><strong>4,</strong></span> <span class='ocrx_word' id='word_1_443' title='bbox 1835 2575 1909 2620; x_wconf 90' lang='grc'><strong>20.</strong></span> <span class='ocrx_word' id='word_1_444' title='bbox 1935 2575 2078 2620; x_wconf 84' lang='lat' dir='ltr'><strong>Reiff.</strong></span> <span class='ocrx_word' id='word_1_445' title='bbox 2103 2573 2159 2630; x_wconf 87' lang='lat' dir='ltr'><strong>V,</strong></span> <span class='ocrx_word' id='word_1_446' title='bbox 2193 2575 2267 2629; x_wconf 90' lang='grc'><strong>39,</strong></span> <span class='ocrx_word' id='word_1_447' title='bbox 2311 2575 2403 2621; x_wconf 88' lang='grc'><strong>189.</strong></span> 
     </span>
     <span class='ocr_line' id='line_1_62' title="bbox 1338 2645 2408 2705; baseline 0.001 -14"><span class='ocrx_word' id='word_1_448' title='bbox 1338 2645 1387 2691; x_wconf 88' lang='lat' dir='ltr'><strong>S.</strong></span> <span class='ocrx_word' id='word_1_449' title='bbox 1433 2645 1582 2704; x_wconf 89' lang='lat' dir='ltr'><strong>Alph.</strong></span> <span class='ocrx_word' id='word_1_450' title='bbox 1632 2645 1738 2699; x_wconf 87' lang='lat' dir='ltr'>VII,</span> <span class='ocrx_word' id='word_1_451' title='bbox 1782 2646 1887 2691; x_wconf 84' lang='grc'><strong>331.</strong></span> <span class='ocrx_word' id='word_1_452' title='bbox 1937 2645 2090 2691; x_wconf 88' lang='lat' dir='ltr'><strong>Velut</strong></span> <span class='ocrx_word' id='word_1_453' title='bbox 2139 2646 2408 2705; x_wconf 80' lang='lat' dir='ltr'><strong>peregrini.</strong></span> 
     </span>
     <span class='ocr_line' id='line_1_63' title="bbox 1339 2710 2404 2777; baseline 0.002 -18"><span class='ocrx_word' id='word_1_454' title='bbox 1339 2715 1495 2761; x_wconf 87' lang='lat' dir='ltr'><strong>Immo</strong></span> <span class='ocrx_word' id='word_1_455' title='bbox 1515 2721 1564 2761; x_wconf 85' lang='lat' dir='ltr'><strong>et</strong></span> <span class='ocrx_word' id='word_1_456' title='bbox 1583 2720 1830 2771; x_wconf 82' lang='lat' dir='ltr'><strong>advenae,</strong></span> <span class='ocrx_word' id='word_1_457' title='bbox 1853 2710 1909 2763; x_wconf 84' lang='lat' dir='ltr'><strong>ut</strong></span> <span class='ocrx_word' id='word_1_458' title='bbox 1935 2721 2062 2777; x_wconf 88' lang='lat' dir='ltr'><strong>puta</strong></span> <span class='ocrx_word' id='word_1_459' title='bbox 2086 2717 2404 2764; x_wconf 79' lang='lat' dir='ltr'><strong>scholastici:</strong></span> 
     </span>
     <span class='ocr_line' id='line_1_64' title="bbox 1336 2787 2364 2843; baseline 0 -12"><span class='ocrx_word' id='word_1_460' title='bbox 1336 2791 1629 2832; x_wconf 75' lang='lat' dir='ltr'><strong>communis</strong></span> <span class='ocrx_word' id='word_1_461' title='bbox 1664 2792 1713 2833; x_wconf 84' lang='lat' dir='ltr'><strong>et</strong></span> <span class='ocrx_word' id='word_1_462' title='bbox 1741 2792 1887 2834; x_wconf 83' lang='lat' dir='ltr'><strong>certa</strong></span> <span class='ocrx_word' id='word_1_463' title='bbox 1923 2787 2084 2841; x_wconf 87' lang='lat' dir='ltr'><strong>(Suar.</strong></span> <span class='ocrx_word' id='word_1_464' title='bbox 2109 2787 2182 2842; x_wconf 73' lang='lat'><strong>32,</strong></span> <span class='ocrx_word' id='word_1_465' title='bbox 2205 2787 2251 2840; x_wconf 87' lang='grc'><strong>2,</strong></span> <span class='ocrx_word' id='word_1_466' title='bbox 2280 2788 2364 2843; x_wconf 88' lang='grc'><strong>15).</strong></span> 
     </span>
    </p>

    <p class='ocr_par' dir='ltr' id='par_1_17' title="bbox 1337 2856 2412 3198">
     <span class='ocr_line' id='line_1_65' title="bbox 1397 2856 2409 2914; baseline 0.002 -13"><span class='ocrx_word' id='word_1_467' title='bbox 1397 2857 1456 2901; x_wconf 90' lang='grc'><strong>33</strong></span> <span class='ocrx_word' id='word_1_468' title='bbox 1489 2856 1629 2914; x_wconf 88' lang='lat' dir='ltr'><strong>Sayr.</strong></span> <span class='ocrx_word' id='word_1_469' title='bbox 1669 2856 1723 2909; x_wconf 91' lang='lat' dir='ltr'><strong>V,</strong></span> <span class='ocrx_word' id='word_1_470' title='bbox 1759 2859 1801 2908; x_wconf 86' lang='grc'><strong>4,</strong></span> <span class='ocrx_word' id='word_1_471' title='bbox 1835 2858 1883 2911; x_wconf 77' lang='lat'><strong>53</strong></span> <span class='ocrx_word' id='word_1_472' title='bbox 1919 2857 2132 2903; x_wconf 84' lang='lat' dir='ltr'><strong>Salmat.</strong></span> <span class='ocrx_word' id='word_1_473' title='bbox 2173 2858 2238 2914; x_wconf 90' lang='grc'><strong>10,</strong></span> <span class='ocrx_word' id='word_1_474' title='bbox 2270 2859 2318 2910; x_wconf 85' lang='lat'><strong>6,</strong></span> <span class='ocrx_word' id='word_1_475' title='bbox 2347 2860 2409 2904; x_wconf 85' lang='grc'><strong>14.</strong></span> 
     </span>
     <span class='ocr_line' id='line_1_66' title="bbox 1338 2926 2412 2986; baseline 0.004 -15"><span class='ocrx_word' id='word_1_476' title='bbox 1338 2926 1544 2986; x_wconf 85' lang='lat' dir='ltr'><strong>Nempe,</strong></span> <span class='ocrx_word' id='word_1_477' title='bbox 1572 2930 1769 2972; x_wconf 85' lang='lat' dir='ltr'><strong>mutato</strong></span> <span class='ocrx_word' id='word_1_478' title='bbox 1799 2927 2066 2973; x_wconf 89' lang='lat' dir='ltr'><strong>domicilio.</strong></span> <span class='ocrx_word' id='word_1_479' title='bbox 2089 2927 2222 2974; x_wconf 89' lang='lat' dir='ltr'><strong>Num</strong></span> <span class='ocrx_word' id='word_1_480' title='bbox 2251 2929 2412 2984; x_wconf 61' lang='lat' dir='ltr'><strong>igitur</strong></span> 
     </span>
     <span class='ocr_line' id='line_1_67' title="bbox 1337 2997 2409 3057; baseline 0.004 -16"><span class='ocrx_word' id='word_1_481' title='bbox 1337 3011 1393 3042; x_wconf 88' lang='lat' dir='ltr'><strong>eo</strong></span> <span class='ocrx_word' id='word_1_482' title='bbox 1419 3003 1704 3048; x_wconf 84' lang='lat' dir='ltr'><strong>teneantur,</strong></span> <span class='ocrx_word' id='word_1_483' title='bbox 1723 2999 1766 3044; x_wconf 90' lang='lat' dir='ltr'><strong>si</strong></span> <span class='ocrx_word' id='word_1_484' title='bbox 1792 2997 1890 3043; x_wconf 88' lang='lat' dir='ltr'><strong>alio</strong></span> <span class='ocrx_word' id='word_1_485' title='bbox 1918 2998 2066 3057; x_wconf 89' lang='lat' dir='ltr'><strong>quasi</strong></span> <span class='ocrx_word' id='word_1_486' title='bbox 2090 2998 2409 3046; x_wconf 85' lang='lat' dir='ltr'><strong>domicilium</strong></span> 
     </span>
     <span class='ocr_line' id='line_1_68' title="bbox 1337 3067 2409 3127; baseline 0.004 -15"><span class='ocrx_word' id='word_1_487' title='bbox 1337 3071 1537 3113; x_wconf 79' lang='lat' dir='ltr'><strong>tantum</strong></span> <span class='ocrx_word' id='word_1_488' title='bbox 1558 3070 1691 3114; x_wconf 85' lang='lat' dir='ltr'><strong>nacti</strong></span> <span class='ocrx_word' id='word_1_489' title='bbox 1716 3068 1904 3113; x_wconf 89' lang='lat' dir='ltr'><strong>fuerint</strong></span> <span class='ocrx_word' id='word_1_490' title='bbox 1925 3067 1948 3112; x_wconf 74' lang='grc' dir='ltr'><strong>’ἒ</strong></span> <span class='ocrx_word' id='word_1_491' title='bbox 1968 3067 2042 3113; x_wconf 83' lang='lat' dir='ltr'><strong>Ita</strong></span> <span class='ocrx_word' id='word_1_492' title='bbox 2066 3082 2226 3127; x_wconf 89' lang='lat' dir='ltr'><strong>porro,</strong></span> <span class='ocrx_word' id='word_1_493' title='bbox 2249 3083 2312 3115; x_wconf 85' lang='lat' dir='ltr'><strong>ex</strong></span> <span class='ocrx_word' id='word_1_494' title='bbox 2337 3069 2409 3116; x_wconf 88' lang='lat' dir='ltr'><strong>di·</strong></span> 
     </span>
     <span class='ocr_line' id='line_1_69' title="bbox 1337 3138 2411 3198; baseline 0.006 -15"><span class='ocrx_word' id='word_1_495' title='bbox 1337 3139 1449 3193; x_wconf 87' lang='lat' dir='ltr'><strong>ctis,</strong></span> <span class='ocrx_word' id='word_1_496' title='bbox 1470 3142 1598 3184; x_wconf 84' lang='lat' dir='ltr'><strong>etex</strong></span> <span class='ocrx_word' id='word_1_497' title='bbox 1619 3138 1849 3185; x_wconf 86' lang='lat' dir='ltr'><strong>doctrina</strong></span> <span class='ocrx_word' id='word_1_498' title='bbox 1872 3139 1989 3193; x_wconf 89' lang='lat' dir='ltr'>TT.;</span> <span class='ocrx_word' id='word_1_499' title='bbox 2010 3138 2099 3184; x_wconf 84' lang='lat' dir='ltr'><strong>sed</strong></span> <span class='ocrx_word' id='word_1_500' title='bbox 2120 3138 2411 3198; x_wconf 88' lang='lat' dir='ltr'><strong>perdurum.</strong></span> 
     </span>
    </p>
   </div>
   <div class='ocr_carea' id='block_1_10' title="bbox 1330 3210 2533 3339">
    <p class='ocr_par' dir='ltr' id='par_1_18' title="bbox 1330 3210 2533 3339">
     <span class='ocr_line' id='line_1_70' title="bbox 1339 3210 2533 3263; baseline -0.003 -9"><span class='ocrx_word' id='word_1_501' title='bbox 1339 3212 1388 3254; x_wconf 86' lang='lat' dir='ltr'><strong>et</strong></span> <span class='ocrx_word' id='word_1_502' title='bbox 1422 3223 1451 3255; x_wconf 89' lang='lat' dir='ltr'><strong>a</strong></span> <span class='ocrx_word' id='word_1_503' title='bbox 1485 3215 1651 3256; x_wconf 89' lang='lat' dir='ltr'><strong>mente</strong></span> <span class='ocrx_word' id='word_1_504' title='bbox 1699 3210 2066 3263; x_wconf 88' lang='lat' dir='ltr'><strong>interdicentis,</strong></span> <span class='ocrx_word' id='word_1_505' title='bbox 2104 3210 2261 3256; x_wconf 90' lang='lat' dir='ltr'><strong>immo</strong></span> <span class='ocrx_word' id='word_1_506' title='bbox 2295 3213 2347 3256; x_wconf 84' lang='lat' dir='ltr'><strong>et</strong></span> <span class='ocrx_word' id='word_1_507' title='bbox 2381 3223 2440 3256; x_wconf 83' lang='lat' dir='ltr'><strong>a.</strong></span> <span class='ocrx_word' id='word_1_508' title='bbox 2516 3243 2533 3251; x_wconf 34' lang='lat' dir='ltr'><strong>s</strong></span> 
     </span>
     <span class='ocr_line' id='line_1_71' title="bbox 1330 3279 2409 3339; baseline 0.002 -15"><span class='ocrx_word' id='word_1_509' title='bbox 1330 3280 1444 3339; x_wconf 85' lang='lat' dir='ltr'><strong>jure</strong></span> <span class='ocrx_word' id='word_1_510' title='bbox 1495 3280 1714 3326; x_wconf 87' lang='lat' dir='ltr'><strong>alienum</strong></span> <span class='ocrx_word' id='word_1_511' title='bbox 1762 3280 1990 3338; x_wconf 86' lang='lat' dir='ltr'><strong>videtur;</strong></span> <span class='ocrx_word' id='word_1_512' title='bbox 2020 3282 2154 3325; x_wconf 54' lang='lat' dir='ltr'><strong>*nam</strong></span> <span class='ocrx_word' id='word_1_513' title='bbox 2208 3279 2409 3326; x_wconf 86' lang='lat' dir='ltr'><strong>interim</strong></span> 
     </span>
    </p>
   </div>
   <div class='ocr_carea' id='block_1_11' title="bbox 1341 3350 2410 3409">
    <p class='ocr_par' dir='ltr' id='par_1_19' title="bbox 1341 3350 2410 3409">
     <span class='ocr_line' id='line_1_72' title="bbox 1341 3350 2410 3409; baseline 0.001 -14"><span class='ocrx_word' id='word_1_514' title='bbox 1341 3350 1536 3396; x_wconf 85' lang='lat' dir='ltr'><strong>subditi</strong></span> <span class='ocrx_word' id='word_1_515' title='bbox 1571 3364 1681 3396; x_wconf 86' lang='lat' dir='ltr'><strong>esse</strong></span> <span class='ocrx_word' id='word_1_516' title='bbox 1706 3350 2064 3409; x_wconf 85' lang='lat' dir='ltr'><strong>intelliguntur</strong></span> <span class='ocrx_word' id='word_1_517' title='bbox 2087 3350 2196 3409; x_wconf 82' lang='lat' dir='ltr'><strong>ejus</strong></span> <span class='ocrx_word' id='word_1_518' title='bbox 2229 3351 2327 3397; x_wconf 90' lang='lat' dir='ltr'><strong>loci</strong></span> <span class='ocrx_word' id='word_1_519' title='bbox 2358 3350 2410 3396; x_wconf 89' lang='lat' dir='ltr'><strong>in</strong></span> 
     </span>
    </p>
   </div>
   <div class='ocr_carea' id='block_1_12' title="bbox 1397 3491 2413 3545">
    <p class='ocr_par' dir='ltr' id='par_1_20' title="bbox 1397 3491 2413 3545">
     <span class='ocr_line' id='line_1_73' title="bbox 1397 3491 2413 3545; baseline 0.004 -11"><span class='ocrx_word' id='word_1_520' title='bbox 1397 3491 1455 3534; x_wconf 77' lang='lat'><strong>34</strong></span> <span class='ocrx_word' id='word_1_521' title='bbox 1490 3494 1672 3537; x_wconf 87' lang='lat' dir='ltr'><strong>Contra</strong></span> <span class='ocrx_word' id='word_1_522' title='bbox 1697 3492 1790 3539; x_wconf 90' lang='lat' dir='ltr'><strong>CC.</strong></span> <span class='ocrx_word' id='word_1_523' title='bbox 1824 3492 1887 3545; x_wconf 87' lang='lat'><strong>16,</strong></span> <span class='ocrx_word' id='word_1_524' title='bbox 1919 3491 1989 3535; x_wconf 87' lang='grc'><strong>24.</strong></span> <span class='ocrx_word' id='word_1_525' title='bbox 2017 3493 2091 3538; x_wconf 88' lang='lat' dir='ltr'><strong>De</strong></span> <span class='ocrx_word' id='word_1_526' title='bbox 2123 3492 2167 3536; x_wconf 83' lang='lat' dir='ltr'><strong>S.</strong></span> <span class='ocrx_word' id='word_1_527' title='bbox 2192 3491 2244 3535; x_wconf 75' lang='lat' dir='ltr'><strong>E.</strong></span> <span class='ocrx_word' id='word_1_528' title='bbox 2271 3491 2324 3536; x_wconf 92' lang='lat' dir='ltr'><strong>in</strong></span> <span class='ocrx_word' id='word_1_529' title='bbox 2345 3491 2413 3538; x_wconf 84' lang='lat'><strong>6⁰.</strong></span> 
     </span>
    </p>
   </div>
   <div class='ocr_carea' id='block_1_13' title="bbox 158 3542 2320 3630">
    <p class='ocr_par' dir='ltr' id='par_1_21' title="bbox 158 3542 2320 3630">
     <span class='ocr_line' id='line_1_74' title="bbox 158 3542 2320 3630; baseline 0.002 -27"><span class='ocrx_word' id='word_1_530' title='bbox 158 3563 296 3604; x_wconf 88' lang='lat' dir='ltr'><strong>stent</strong></span> <span class='ocrx_word' id='word_1_531' title='bbox 313 3559 375 3605; x_wconf 88' lang='lat' dir='ltr'><strong>ab</strong></span> <span class='ocrx_word' id='word_1_532' title='bbox 396 3561 514 3606; x_wconf 85' lang='lat' dir='ltr'><strong>urbe</strong></span> <span class='ocrx_word' id='word_1_533' title='bbox 542 3561 674 3607; x_wconf 87' lang='lat' dir='ltr'><strong>ultra</strong></span> <span class='ocrx_word' id='word_1_534' title='bbox 696 3563 936 3618; x_wconf 67' lang='lat' dir='ltr'><strong>milliare3</strong></span> <span class='ocrx_word' id='word_1_535' title='bbox 962 3564 1114 3608; x_wconf 65' lang='lat' dir='ltr'><strong>ivumo</strong></span> <span class='ocrx_word' id='word_1_536' title='bbox 1140 3576 1228 3609; x_wconf 86' lang='lat' dir='ltr'><strong>nec</strong></span> <span class='ocrx_word' id='word_1_537' title='bbox 1288 3542 1293 3630; x_wconf 59' lang='grc' dir='ltr'><strong>ἶ</strong></span> <span class='ocrx_word' id='word_1_538' title='bbox 1343 3560 1443 3606; x_wconf 88' lang='lat' dir='ltr'><strong>Hos</strong></span> <span class='ocrx_word' id='word_1_539' title='bbox 1477 3563 1611 3606; x_wconf 85' lang='lat' dir='ltr'><strong>enim</strong></span> <span class='ocrx_word' id='word_1_540' title='bbox 1646 3563 1907 3621; x_wconf 85' lang='lat' dir='ltr'><strong>praeteriit</strong></span> <span class='ocrx_word' id='word_1_541' title='bbox 1939 3561 2114 3608; x_wconf 83' lang='lat' dir='ltr'><strong>Const.</strong></span> <span class='ocrx_word' id='word_1_542' title='bbox 2134 3564 2320 3607; x_wconf 74' lang='lat' dir='ltr'><strong>nostra.</strong></span> 
     </span>
    </p>
   </div>
   <div class='ocr_carea' id='block_1_14' title="bbox 161 3630 1292 3688">
    <p class='ocr_par' dir='ltr' id='par_1_22' title="bbox 161 3630 1292 3688">
     <span class='ocr_line' id='line_1_75' title="bbox 161 3630 1292 3688; baseline 0.004 -15"><span class='ocrx_word' id='word_1_543' title='bbox 161 3630 290 3675; x_wconf 88' lang='lat' dir='ltr'><strong>infra</strong></span> <span class='ocrx_word' id='word_1_544' title='bbox 319 3632 500 3688; x_wconf 86' lang='lat' dir='ltr'><strong>posita,</strong></span> <span class='ocrx_word' id='word_1_545' title='bbox 530 3633 572 3676; x_wconf 91' lang='lat' dir='ltr'><strong>si</strong></span> <span class='ocrx_word' id='word_1_546' title='bbox 599 3631 766 3677; x_wconf 83' lang='lat' dir='ltr'><strong>accedi</strong></span> <span class='ocrx_word' id='word_1_547' title='bbox 792 3632 854 3676; x_wconf 86' lang='lat' dir='ltr'><strong>ad</strong></span> <span class='ocrx_word' id='word_1_548' title='bbox 889 3646 946 3679; x_wconf 82' lang='lat' dir='ltr'><strong>ea.</strong></span> <span class='ocrx_word' id='word_1_549' title='bbox 974 3633 1230 3679; x_wconf 90' lang='lat' dir='ltr'><strong>commode</strong></span> <span class='ocrx_word' id='word_1_550' title='bbox 1290 3634 1292 3640; x_wconf 91' lang='lat'>&#39;</span> 
     </span>
    </p>
   </div>
   <div class='ocr_carea' id='block_1_15' title="bbox 162 3701 910 3759">
    <p class='ocr_par' dir='ltr' id='par_1_23' title="bbox 162 3701 910 3759">
     <span class='ocr_line' id='line_1_76' title="bbox 162 3701 910 3759; baseline 0.003 -15"><span class='ocrx_word' id='word_1_551' title='bbox 162 3713 260 3746; x_wconf 89' lang='lat' dir='ltr'><strong>non</strong></span> <span class='ocrx_word' id='word_1_552' title='bbox 296 3701 462 3758; x_wconf 86' lang='lat' dir='ltr'><strong>possit</strong></span> <span class='ocrx_word' id='word_1_553' title='bbox 491 3702 653 3759; x_wconf 87' lang='lat' dir='ltr'><strong>(Sayr.</strong></span> <span class='ocrx_word' id='word_1_554' title='bbox 682 3701 738 3754; x_wconf 88' lang='lat' dir='ltr'><strong>V,</strong></span> <span class='ocrx_word' id='word_1_555' title='bbox 773 3702 812 3750; x_wconf 85' lang='lat'><strong>3,</strong></span> <span class='ocrx_word' id='word_1_556' title='bbox 849 3702 910 3756; x_wconf 90' lang='lat'>3).</span> 
     </span>
    </p>
   </div>
   <div class='ocr_carea' id='block_1_16' title="bbox 1404 3631 2410 3679">
    <p class='ocr_par' dir='ltr' id='par_1_24' title="bbox 1404 3631 2410 3679">
     <span class='ocr_line' id='line_1_77' title="bbox 1404 3631 2410 3679; baseline 0.001 -4"><span class='ocrx_word' id='word_1_557' title='bbox 1404 3632 1462 3676; x_wconf 89' lang='lat'>35</span> <span class='ocrx_word' id='word_1_558' title='bbox 1495 3633 1546 3679; x_wconf 89' lang='lat' dir='ltr'><strong>C.</strong></span> <span class='ocrx_word' id='word_1_559' title='bbox 1565 3633 1638 3677; x_wconf 81' lang='lat'><strong>57.</strong></span> <span class='ocrx_word' id='word_1_560' title='bbox 1660 3634 1735 3678; x_wconf 85' lang='lat' dir='ltr'><strong>De</strong></span> <span class='ocrx_word' id='word_1_561' title='bbox 1755 3633 1800 3676; x_wconf 82' lang='lat' dir='ltr'><strong>S.</strong></span> <span class='ocrx_word' id='word_1_562' title='bbox 1820 3633 1872 3676; x_wconf 89' lang='lat' dir='ltr'><strong>E.</strong></span> <span class='ocrx_word' id='word_1_563' title='bbox 1903 3633 1958 3679; x_wconf 88' lang='lat' dir='ltr'><strong>C.</strong></span> <span class='ocrx_word' id='word_1_564' title='bbox 1975 3634 2122 3676; x_wconf 79' lang='lat' dir='ltr'><strong>Alma</strong></span> <span class='ocrx_word' id='word_1_565' title='bbox 2141 3633 2319 3679; x_wconf 79' lang='lat' dir='ltr'><strong>Mater.</strong></span> <span class='ocrx_word' id='word_1_566' title='bbox 2336 3631 2410 3676; x_wconf 84' lang='grc'><strong>24.</strong></span> 
     </span>
    </p>
   </div>
   <div class='ocr_carea' id='block_1_17' title="bbox 1328 3701 2412 3749">
    <p class='ocr_par' dir='ltr' id='par_1_25' title="bbox 1328 3701 2412 3749">
     <span class='ocr_line' id='line_1_78' title="bbox 1328 3701 2412 3749; baseline -0.001 -2"><span class='ocrx_word' id='word_1_567' title='bbox 1328 3704 1401 3748; x_wconf 82' lang='lat' dir='ltr'><strong>De</strong></span> <span class='ocrx_word' id='word_1_568' title='bbox 1424 3703 1474 3749; x_wconf 80' lang='lat' dir='ltr'><strong>S.</strong></span> <span class='ocrx_word' id='word_1_569' title='bbox 1492 3705 1545 3748; x_wconf 84' lang='lat' dir='ltr'><strong>E.</strong></span> <span class='ocrx_word' id='word_1_570' title='bbox 1572 3705 1622 3748; x_wconf 86' lang='lat' dir='ltr'><strong>in</strong></span> <span class='ocrx_word' id='word_1_571' title='bbox 1647 3703 1716 3748; x_wconf 84' lang='lat'><strong>6⁰.</strong></span> <span class='ocrx_word' id='word_1_572' title='bbox 1748 3703 1903 3748; x_wconf 87' lang='lat' dir='ltr'><strong>Immo</strong></span> <span class='ocrx_word' id='word_1_573' title='bbox 1937 3706 1988 3747; x_wconf 85' lang='lat' dir='ltr'><strong>ct</strong></span> <span class='ocrx_word' id='word_1_574' title='bbox 2028 3702 2172 3747; x_wconf 88' lang='lat' dir='ltr'><strong>laicis</strong></span> <span class='ocrx_word' id='word_1_575' title='bbox 2205 3713 2308 3747; x_wconf 91' lang='lat' dir='ltr'><strong>non</strong></span> <span class='ocrx_word' id='word_1_576' title='bbox 2331 3701 2412 3746; x_wconf 89' lang='lat' dir='ltr'><strong>in·</strong></span> 
     </span>
    </p>
   </div>
  </div>
 </body>
</html>
