2548 4042
934 217 1490 291 TRACTATUS
1512 216 1702 291 'v11.

795 393 890 448 nn
948 393 1833 487 IRREGULARITATIBUs

1152 816 1387 874 CAPUT
1427 820 1469 873 Ι.

682 950 995 992 COMMUNJA
1036 953 1116 992 DE
1159 954 1802 995 mancunAmTA'rmns
1832 937 1924 1010 (l).

506 1135 652 1189 ΛΒΤ.
699 1134 744 1187 l.
788 1136 864 1187 De
901 1136 1313 1202 irrequieti-itatis
1352 1137 1662 1203 definitione,
1703 1142 1921 1201 natura,
1962 1142 2012 1190 et
2050 1138 2114 1190 vi.

264 1297 390 1351 399.
419 1295 836 1363 Irregularitas
864 1295 1143 1350 definitur
1171 1326 1193 1338 -
1223 1296 1703 1365 impedimentum
1731 1299 1804 1352 ad
1839 1298 2072 1354 ordines
2099 1297 2423 1369 suscipien-

189 1386 308 1447 dos,
351 1386 410 1439 et
452 1399 552 1451 per
594 1400 958 1454 consequens
998 1387 1069 1439 ad
1114 1400 1212 1439 eos
1252 1385 1629 1450 exercendos,
1661 1387 1798 1456 jure
1841 1388 2121 1443 canonico
2162 1388 2423 1444 introdu-

193 1477 351 1530 ctum
378 1472 467 1545 (2).
500 1473 720 1528 Dicitur
759 1471 1194 1544 impedimentum,
1223 1490 1292 1529 eo
1321 1475 1491 1544 quod,
1522 1491 1631 1530 nec
1661 1476 1716 1530 in
1750 1491 2010 1546 poenam,
2045 1493 2154 1533 nee
2185 1479 2420 1550 propter

190 1563 555 1633 spiritualem
598 1563 941 1619 medicinam
987 1564 1264 1619 inventae
1306 1565 1443 1619 sunt
1485 1564 1978 1640 irregularitate8‚
2029 1568 2130 1623 sed
2180 1569 2419 1639 propter
2524 1619 2548 1635 „

191 1653 605 1716 reverentiam,
636 1656 695 1708 et
724 1653 1077 1722 dignitatem
1106 1653 1287 1707 divini
1331 1653 1643 1709 ministerii
1676 1653 1774 1727 (3).
1799 1657 1872 1711 Et
1902 1657 2032 1712 ideo
2058 1672 2171 1713 nec
2198 1672 2422 1728 poenae

190 1744 349 1807 sunt,
403 1758 511 1797 nec
561 1757 865 1806 censurae,
914 1743 1019 1798 sed
1072 1744 1361 1814 quaedam
1412 1747 1832 1799 maculae-notae
1878 1748 2032 1810 sunt,
2075 1763 2148 1803 ex
2202 1747 2417 1819 quibus

189 1833 379 1888 oritur
417 1834 703 1903 quaedam
745 1834 912 1903 quasi
957 1833 1298 1888 inhabilitas
1337 1834 1411 1888 ad
1441 1850 1607 1890 sacra
1633 1837 1902 1891 obeunda
1929 1835 2027 1908 (4).
2070 1838 2143 1892 Et
2177 1837 2317 1909 quia
2343 1837 2449 1905 ad,

189 1922 334 1977 haec
382 1923 653 1977 obeunda
701 1923 1050 1992 deputamur
1092 1939 1194 1993 per
1234 1939 1426 1979 sacros
1466 1925 1715 1990 ordines,
1761 1926 2170 1995 irregularitas
2208 1929 2284 1983 ab
2324 1927 2417 1984 his
2536 1927 2545 1997 ‚j

186 2013 525 2081 suscipiendis
564 2027 670 2065 nos
712 2012 1004 2079 prohibet3
1047 2014 1172 2069 sive
1218 2016 1279 2069 nt
1320 2016 1554 2070 veteres
1593 2017 1848 2085 aiebant,
1890 2025 2031 2072 arcet
2069 2035 2101 2071 a
2140 2020 2275 2073 clero
2304 2014 2416 2092 (5);

252 2206 268 2250 l
306 2203 416 2250 Vox
451 2216 630 2263 parum
664 2204 823 2250 latina
857 2203 938 2259 (ab
971 2204 1139 2251 Innoc.
1162 2205 1250 2258 ΙΙΙ,

186 2277 239 2322 in
273 2276 326 2324 C.
362 2276 432 2321 10.
462 2278 532 2321 De
563 2277 872 2322 Renum-iat.
903 2276 1139 2335 primum,
1173 2278 1247 2322 uti

190 2345 405 2399 videtur,
446 2349 710 2406 usurpata)
760 2345 1017 2406 signifieat
1056 2347 1247 2407 aliquid

184 2417 407 2462 alienum
441 2430 470 2461 a
502 2417 691 2475 regula,
723 2421 872 2475 prout
896 2419 1102 2465 incivile
1124 2418 1248 2464 alie-

184 2501 307 2533 num
352 2502 381 2533 a
412 2488 524 2548 jure
567 2488 702 2534 civili
746 2488 816 2544 (L.
855 2489 913 2532 24
946 2491 1019 2536 De
1051 2493 1246 2547 Legio).

188 2557 336 2604 Porro
370 2561 552 2615 reyuza
577 2563 767 2617 (graece
793 2568 981 2615 canon)
1007 2562 1057 2606 in
1093 2563 1248 2607 veteri

188 2628 460 2689 disciplina
484 2632 591 2675 erat
623 2631 916 2690 catlialogus
949 2631 1245 2678 clericorum

182 2700 272 2761 qui
296 2700 447 2746 alicui
484 2702 652 2746 Titulo
675 2701 953 2756 (ecclesiae)
989 2706 1131 2749 erant
1154 2704 1243 2750 ad-

182 2772 381 2830 scripti3
428 2772 615 2832 quique
662 2773 847 2819 idcirco
889 2777 1129 2820 canonici
1167 2775 1244 2820 di·

183 2841 428 2887 cebantur
475 2841 557 2900 (V.
601 2842 799 2903 Selvag.
844 2846 1007 2902 Antiq.
1064 2847 1246 2892 Christ.

181 2911 289 2960 Lib.
321 2912 358 2958 1.
381 2914 503 2973 Cap.
530 2913 591 2969 ΙΙ,
618 2915 644 2972 ς
674 2915 744 2973 9);
781 2919 829 2960 et
862 2927 1009 2974 quem
1046 2929 1138 2962 nos
1172 2917 1242 2962 ir·

183 2982 479 3042 regularem,
514 2989 707 3031 veteres
736 2989 965 3033 alienum
998 3000 1032 3032 a
1065 2991 1245 3045 reyula

185 3079 204 3089 -
233 3057 465 3101 alienum
498 3069 531 3101 a
564 3069 762 3104 canone
787 3082 808 3092 ·
834 3058 1106 3118 appellant..

239 3125 269 3169 2
285 3124 362 3169 Ex
380 3125 520 3171 Suar.
545 3129 619 3172 De
638 3129 847 3175 Censur.
865 3133 937 3182 46,
963 3130 1050 3183 1,2,
1074 3130 1245 3189 Laym.

178 3198 225 3241 h.
262 3200 293 3241 t.
323 3197 430 3244 (De
452 3200 801 3254 irreyularit.)
822 3201 941 3259 Cap.
964 3201 1000 3256 Ι,
1028 3215 1073 3246 n.
1107 3202 1140 3247 l.
1165 3202 1242 3249 Fi·

181 3266 326 3312 liucc.
366 3268 433 3321 19,
467 3268 510 3320 23
539 3268 746 3315 Salmat.
776 3271 842 3323 lO,
866 3273 907 3326 7,
942 3272 977 3318 1.
1008 3272 1243 3319 Definitio

184 3339 572 3397 irregularitatis
615 3342 747 3399 apud
784 3341 990 3388 Veteres
1035 3344 1242 3399 incerta,

175 3412 229 3453 et
259 3409 421 3460 varia;
453 3409 576 3454 adeo
602 3418 654 3454 ut
678 3411 891 3471 Majolus
917 3414 1240 3459 existimave-

177 3479 260 3533 rit,
292 3478 491 3524 difficile
518 3494 629 3526 esse
653 3495 819 3527 veram
850 3483 1240 3543 irregularitatis

183 3548 525 3595 definitionem
546 3551 739 3596 tradere
756 3552 830 3608 (V.
843 3553 982 3613 Sayr.
995 3554 1078 3611 VI,
1095 3557 1129 3611 1,
1152 3557 1238 3614 16).

177 3618 274 3674 Qui
316 3620 488 3680 paullo
529 3626 644 3666 ante
679 3621 972 3671 Snaresium
1017 3628 1234 3688 scripse·

176 3692 296 3734 runt
344 3703 452 3737 eam
498 3691 804 3738 definiebant
838 3723 893 3728 —
928 3699 1240 3743 inhabililas

1352 2208 1666 2263 suscipiendi
1698 2211 1744 2254 et
1776 2208 2054 2254 exercendi
2074 2208 2283 2256 ordines
2299 2206 2413 2261 (Co-
2504 2255 2507 2256 γ

1354 2292 1480 2324 varr.
1505 2279 1556 2323 in
1580 2278 1633 2326 C.
1658 2279 1714 2323 Si
1733 2277 1992 2336 furiosus,
2009 2292 2097 2338 pr.;
2116 2277 2257 2336 Sayr.
2273 2291 2322 2325 n.
2348 2278 2450 2331 19st
2522 2295 2538 2312 ‘-

1354 2348 1507 2395 Tolet.
1527 2351 1564 2405 1,
1577 2349 1649 2404 52,
1669 2350 1727 2408 1).
1744 2349 1877 2396 Haec
1896 2349 2122 2396 definitio
2141 2353 2231 2406 est,
2251 2352 2310 2396 ut
2324 2350 2420 2397 mi·

1352 2421 1546 2466 nimum
1566 2419 1798 2476 dixerim,
1815 2421 2170 2468 controversiis
2187 2419 2417 2468 obnoxia..

1353 2490 1634 2537 Dolendum
1651 2494 1743 2547 est,
1758 2491 1944 2538 multos
1958 2505 2018 2537 ex
2034 2491 2416 2539 Recentioribus
2519 2527 2530 2552 ,3

1353 2564 1401 2607 in
1423 2576 1481 2608 ea
1507 2562 1750 2609 tradenda
1778 2563 1840 2609 ad
1861 2564 2218 2609 Suaresianam
2241 2561 2417 2609 defini-
2487 2564 2527 2626 2³

1352 2634 1537 2680 tionem
1565 2638 1713 2695 (quae
1748 2635 1971 2679 omnium
2010 2632 2291 2680 accuratior
2321 2634 2416 2688 est,

1351 2707 1400 2748 et
1433 2719 1461 2750 a
1492 2704 1813 2764 gravioribus
1836 2705 1930 2751 TT.
1953 2706 2153 2764 recepta
2185 2702 2302 2760 fuit)
2328 2716 2417 2764 pa·
2496 2722 2521 2741 1

1350 2789 1460 2820 rum
1496 2777 1794 2835 respexisse.
1839 2777 2142 2821 Mentionem
2184 2773 2415 2822 beneficii
2500 2762 2531 2782 '⁶

1349 2846 1560 2891 libenter
1583 2846 1813 2905 equidem
1849 2847 2201 2902 detraxissem‚
2224 2845 2314 2892 sed
2337 2857 2419 2891 vo·
2511 2891 2514 2894 ,

1349 2917 1477 2962 ritus
1512 2930 1643 2972 sum,
1675 2930 1737 2963 ne
1770 2918 1894 2963 forte
1936 2917 2161 2963 omnium
2199 2915 2411 2976 primus.

1408 2988 1436 3031 3
1468 2988 1669 3035 Bonaci.
1711 2991 1758 3034 h.
1793 2993 1825 3034 t.
1869 2988 2023 3045 Quae.
2061 2987 2100 3043 Ι,
2131 2987 2182 3033 P.
2215 2985 2255 3035 1.
2286 3000 2334 3032 n.
2366 2984 2412 3034 2.

1355 3060 1795 3106 Communis-sima.
2148 3091 2150 3094 -

1406 3129 1662 3175 4Armilla
1675 3129 1730 3175 V.
1750 3132 2131 3187 Irreyuzaritas
2146 3142 2220 3190 pr.
2236 3127 2414 3188 Laym.
2440 3123 2441 3126 ’

1344 3202 1463 3260 cap.
1496 3200 1544 3255 1;
1577 3215 1623 3246 n.
1659 3203 1705 3246 4:
1740 3201 1858 3246 Dixi
1893 3202 2047 3259 quasi
2077 3201 2408 3253 inhabilitaae,

1342 3273 1528 3332 quippe
1547 3272 1684 3326 haec,
1699 3272 1832 3333 quod
1852 3272 1913 3318 ad
1933 3271 2132 3318 ordines
2149 3283 2247 3318 non
2266 3267 2416 3317 intel·
2484 3309 2491 3331 .-

1342 3342 1518 3403 ligitur
1540 3343 1590 3402 (ξ
1611 3344 1681 3398 87,
1708 3345 1765 3397 l),
1782 3342 1915 3404 quod
1939 3343 2001 3389 ad
2027 3341 2268 3389 beneficia
2287 3353 2415 3388 nus·
2482 3351 2492 3367 ”

1341 3426 1494 3473 quam
1531 3414 1584 3459 in
1618 3415 1728 3474 jure
1764 3414 2002 3460 canonico
2035 3425 2276 3473 expressa
2308 3412 2415 3458 est:

1343 3486 1720 3542 Irreyularitas
1751 3498 1853 3531 non
1877 3489 1954 3532 est
1983 3485 2407 3542 impedimentum
2472 3533 2498 3547 ἦ,

1339 3558 1696 3608 inhabilicans,
1748 3561 1848 3602 aut
1891 3558 2136 3610 irrilans,
2178 3557 2268 3602 sed
2293 3563 2415 3612 pro·

1338 3629 1513 3673 hibens
1535 3626 1696 3685 (Suar.
1716 3627 1847 3682 40‚2,
1868 3627 1904 3682 l3
1925 3626 1973 3673 S.
1992 3626 2140 3686 Alph.
2159 3622 2410 3681 V11‚343).
2463 3643 2474 3654 ·-
2502 3627 2507 3629 ’

1397 3698 1426 3741 5
1461 3698 1556 3746 CC.
1597 3699 1663 3751 ll,
1705 3700 1767 3744 13.
1801 3698 1929 3743 Dist.
1967 3698 2037 3742 34.
2073 3699 2251 3750 Λητὼ·
2275 3693 2414 3741 idest
2442 3692 2504 3750 »ᾗς
