2548 4042
92 33 199 92 436
383 12 387 13 ἶ
1008 117 1009 121 ¹
1103 31 1319 96 luoa'x

529 297 915 348 TRACTATUS
946 297 1055 347 VH.
1086 300 1171 347 DE
1205 298 1890 350 IBREGULARITATIBUS

94 491 234 543 CAP.
267 491 303 538 1.
336 492 625 541 Communia
659 504 725 540 na·
758 504 1322 541 maaeumaxurmus,

216 585 340 629 AM.
378 582 415 628 l.
448 581 520 628 De
546 581 937 643 irregularitatis
969 581 1278 639 definitione,
1310 587 1493 630 natura
1525 586 1575 628 et
1609 583 1656 629 vi
1691 617 2063 629 .......
2085 584 2189 643 Pag
2235 583 2331 630 396

213 674 344 719 Aur.
376 670 418 716 2.
451 671 670 731 Quinam
703 673 1103 734 irregularitataa
1137 674 1464 733 constituere,
1497 676 1807 728 contrahere,
1836 677 1885 720 et
1910 674 2205 736 dispensare

513 763 712 823 possint
735 796 2184 813 .........................
2235 764 2329 812 402

93 836 235 886 OAP.
267 834 332 883 11.
362 835 440 884 Da
470 848 704 885 arnonus
735 850 1303 888 innominatum-mus,

212 929 344 975 Aur.
384 927 418 973 l.
451 926 525 974 Da
558 927 1020 989 irregularitatibus
1054 942 1116 977 ex
1148 929 1332 978 delicto
1334 964 2189 977 ...............
2238 929 2333 977 406

215 1017 344 1065 Aar.
375 1016 421 1065 2.
451 1017 527 1064 De
558 1018 1022 1080 irregularitatibus
1054 1033 1115 1067 ex
1149 1020 1345 1069 defectu
1365 1048 1417 1056 -
1439 1021 1509 1068 De
1544 1021 2003 1081 irregularitatibus
2037 1035 2096 1067 ex
2122 1020 2206 1067 de-

510 1107 645 1156 fectu
678 1111 893 1171 propriis
907 1145 2183 1158 ......................
2237 1111 2332 1157 412

480 1200 555 1247 De
586 1201 1043 1260 irregularitatibus
1078 1215 1138 1248 ex
1172 1202 1369 1249 defectu
1403 1203 1691 1263 impropriis
1696 1234 2190 1248 .........
2239 1199 2332 1246 413

213 1292 344 1338 Aur.
375 1291 419 1338 3.
452 1290 524 1337 De
557 1291 1022 1351 irregularitatibus
1056 1304 1187 1353 quae
1220 1293 1328 1338 sivo
1362 1306 1423 1338 ex
1458 1292 1642 1339 delicto
1682 1294 2066 1345 contrahuntur,
2100 1291 2208 1338 sive

514 1396 575 1428 ex
610 1382 809 1429 defectu
852 1415 2190 1429 .......................
2241 1381 2337 1425 416

455 1472 524 1518 De
557 1471 777 1533 bigamia
794 1505 2196 1519 ........................
2259 1469 2330 1517 ibi

454 1564 525 1611 De
557 1563 842 1617 homicidio,
875 1567 928 1610 et·
960 1563 1282 1611 mutilatione
1289 1595 2189 1610 ................
2238 1559 2332 1606 420

452 1655 523 1701 De
555 1655 829 1703 homicidio
861 1658 912 1701 ot
946 1653 1262 1702 mutilatione
1295 1656 1427 1702 facto
1461 1656 1660 1715 proprio
1693 1653 1996 1714 perpetratis
2053 1686 2063 1696 .
2115 1686 2126 1697 .
2174 1685 2185 1697 .
2237 1650 2322 1696 421

454 1746 524 1792 De
549 1745 743 1807 judicio
773 1746 1043 1806 sanguinis
1095 1777 2189 1791 ...................
2238 1741 2331 1788 423

454 1837 524 1883 De
555 1836 828 1884 homicidio
861 1840 911 1882 et
943 1835 1262 1882 mutilatione
1296 1836 1350 1882 in
1383 1835 1510 1882 bello
1540 1834 1844 1895 perpetratis
1871 1867 2184 1880 ......
2233 1831 2328 1877 426

454 1929 526 1974 De
558 1926 1019 1988 irregularitatibus
1041 1924 1103 1973 ob
1126 1926 1401 1978 infamiam,
1420 1928 1469 1970 et
1491 1924 1759 1984 praecipue
1783 1923 1845 1969 de
1866 1937 1925 1969 ea
1945 1934 2075 1982 quae
2097 1934 2207 1968 con-

509 2019 731 2066 trahitur
759 2020 968 2079 propter
1000 2016 1250 2064 haeresim
1275 2045 2187 2062 ................
2235 2011 2328 2057 428

1121 2835 1307 2884 FINIS.
