2548 4042
174 4 278 61 ²94

413 20 540 60 rans
577 18 775 57 ram·
797 14 1211 55 rnouconm·
1231 13 1404 53 τιιΑοτ.
1430 13 1495 51 vi.
1531 7 1598 53 ἰιι
1630 11 1808 52 ments
1843 13 1908 53 ιτ
1938 0 2221 57 wastinis
2464 47 2466 49 ,

171 110 353 162 antea
378 103 662 159 citatione
693 102 1048 171 praeventus
1077 98 1271 154 fuerat
1302 98 1356 167 (ἓ
1374 98 1466 161 86,
1494 96 1604 168 37).
1635 97 1712 152 At
1746 97 1796 152 is
1821 96 1920 168 qui
1950 94 2239 170 delinquit
2264 88 2462 153 dum

175 208 423 266 peregre
450 192 598 260 agit,
629 190 754 244 sive
782 204 943 253 suae,
965 203 1002 243 a
1032 202 1150 258 qua
1170 189 1358 251 abest,
1381 186 1671 242 dioecesis
1697 174 1890 256 legem
1915 185 2250 251 violaverit;
2277 186 2408 243 sive

173 284 424 347 alienae,
454 281 512 335 in
549 295 665 350 qua
705 280 981 340 moratur,
1026 276 1296 332 neutrius
1339 290 1554 346 poenas
1600 276 1869 340 incurrit3
1914 291 2024 330 non
2066 290 2226 338 suae,
2267 275 2410 346 quia

168 375 261 439 jus
300 374 493 425 dicenti
527 377 678 423 extra
721 370 1046 422 territorium
1085 369 1295 435 impune
1333 382 1436 419 non
1471 372 1696 434 paretur
1733 364 1879 436 (28):
1925 366 2034 421 nisi
2080 366 2224 420 forte
2266 364 2411 419 deli-

173 465 331 518 ctum
362 462 417 515 in
450 476 558 514 sua
586 458 838 513 dioecesi
870 459 1082 511 noceat
1110 457 1246 526 (29);
1291 470 1401 508 non
1433 455 1683 516 alienae,
1715 457 1853 525 quia
1885 469 1995 510 non
2027 458 2117 509 est
2145 454 2416 509 subditus

174 551 303 621 ejus
334 550 440 604 loci
477 547 618 619 (30);
650 563 719 601 ac
754 546 989 616 proinde
1020 561 1128 600 nec
1161 545 1486 613 utriusque,
1514 544 1560 597 si
1596 544 1743 598 sorte
1778 546 1834 598 in
1867 548 2115 615 utraque
2156 543 2413 598 dioecesi

176 641 380 696 eadem
407 653 590 708 poena
612 638 688 691 sit
717 636 1036 690 constituta
1057 632 1114 705 (ἓ
1136 636 1261 695 205,
1286 635 1394 701 44).
1427 634 1817 688 Nihilominus
1848 635 2195 703 peregrinus
2224 633 2414 688 sactus

174 730 444 785 subditus
500 728 730 782 ratione
771 725 990 787 delicti,
1033 726 1144 779 etsi
1192 740 1299 778 non
1347 728 1622 778 teneatur
1669 723 1869 792 poenis
1911 724 1944 777 f.
1973 739 2015 777 s,
2047 739 2199 794 quae
2243 723 2296 777 in
2341 737 2412 778 eo

175 819 301 873 loco
330 820 555 886 vigent,
585 817 724 887 quia
755 816 947 886 legem
977 816 1309 869 naturalem
1332 814 1387 882 (ἓ
1407 814 1498 874 86,
1522 813 1618 885 36)
1651 828 1762 866 non
1799 813 2097 882 poenalem
2129 812 2186 883 (S
2206 813 2332 874 296.
2356 811 2416 884 2)

175 908 440 971 violavIt,
483 906 741 961 coerceri
787 905 1001 974 poterit
1028 904 1220 973 (prout
1252 903 1457 964 incola,
1489 911 1547 957 et
1574 903 1826 973 advena)
1853 902 2042 957 officio
2069 902 2287 973 Judicis
2313 902 2415 959 ubi

174 996 443 1067 deliquit,
486 996 532 1049 si
576 998 893 1065 antequam
936 993 1072 1048 inde
1114 993 1445 1047 discederet
1487 993 1768 1047 citatione
1827 996 2184 1062 praeventus
2237 992 2420 1048 luerit

172 1085 357 1158 (oieb
323 1088 358 1127 s
385 1087 474 1148 86,
503 1086 611 1155 37).

248 1178 376 1233 307.
409 1176 671 1244 Denique
701 1173 747 1227 si
777 1172 1265 1243 officiumJudicis
1291 1172 1699 1235 intervenerit,
1723 1175 1790 1227 ut
1811 1172 2128 1236 sententia,
2151 1187 2254 1228 seu
2279 1186 2409 1227 con·

172 1265 554 1328 demnatoria,
583 1279 688 1319 seu
717 1263 1124 1326 declaratoria,
1155 1277 1319 1317 reum
1351 1266 1554 1317 teneat
1578 1276 1820 1318 necesse
1851 1264 1960 1325 est,
1986 1265 2053 1317 ut
2082 1263 2131 1317 is
2157 1264 2255 1316 rice
2280 1277 2417 1317 con-

235 1486 294 1531 28
327 1485 382 1530 L.
415 1484 475 1528 20
505 1486 577 1531 De
600 1483 806 1529 Iun-isa.
829 1482 883 1530 L.
917 1484 959 1529 3.
992 1485 1065 1529 De
1104 1482 1239 1538 Offic.

176 1559 416 1604 Prae-eid.
448 1556 502 1602 L.
535 1555 610 1610 53,
642 1555 695 1604 C.
723 1557 796 1602 De
816 1556 1000 1601 Decur.
1034 1554 1087 1602 C.
1118 1555 1146 1596 2
1171 1554 1244 1598 De

184 1629 351 1676 Const.
374 1628 426 1673 in
459 1628 523 1672 6⁰.
546 1627 598 1675 C.
630 1628 643 1671 l
679 1628 750 1672 De
771 1627 905 1671 Priv.
929 1626 980 1671 in
1003 1624 1052 1669 6⁰
1075 1625 1241 1684 (Lugo

175 1702 327 1759 Resp.
352 1701 477 1745 Mor.
508 1699 584 1748 vl.
606 1698 697 1756 22).
721 1697 820 1744 Sed
845 1710 1049 1743 necesse
1069 1700 1163 1746 est.
1189 1700 1244 1740 ut

170 1775 228 1820 in
262 1786 319 1818 eo
368 1769 681 1817 domicilium
736 1769 933 1821 habeat,
971 1767 1050 1813 vel
1093 1767 1242 1828 quasi

174 1842 487 1889 domicilium
523 1840 595 1896 (S.
629 1840 779 1899 Alph.
813 1838 898 1894 vt,
928 1840 1033 1890 591,
1068 1853 1113 1884 v.
1150 1840 1237 1883 In-

171 1918 382 1966 curret).
406 1912 546 1957 Idem
568 1912 703 1972 juris
728 1914 807 1956 est
829 1911 873 1956 si
900 1910 1170 1970 deliquerit
1193 1912 1240 1955 in

174 1985 286 2032 loco
318 1987 551 2042 exempto
574 1984 669 2040 (Ex
698 1984 751 2032 C.
785 1985 812 2027 7
840 1983 914 2028 De
942 1983 990 2028 O.
1023 1983 1073 2027 Ο.
1097 1983 1147 2026 in
1181 1983 1243 2025 60.

170 2056 232 2105 C.
262 2057 276 2100 1
306 2069 378 2116 pr.
404 2056 479 2101 De
508 2056 647 2099 Priv.
684 2055 734 2099 in
767 2054 833 2099 δ”.
864 2053 1007 2100 Suar.
1035 2052 1092 2105 V,
1125 2055 1167 2105 4,
1201 2054 1243 2096 5.

171 2126 229 2175 Β.
260 2125 408 2186 Alph.
446 2125 483 2179 1,
523 2126 617 2169 156.
655 2124 710 2171 V.
745 2124 857 2171 Not.
893 2124 960 2179 11;
1001 2123 1108 2176 VII,
1149 2125 1242 2171 24).

172 2198 464 2259 Deliquisse
493 2202 660 2242 autem
688 2198 804 2256 quis
827 2196 1133 2255 intelligitur
1155 2198 1243 2240 ubi

171 2273 362 2318 delicta
411 2271 491 2315 vel
543 2271 820 2313 commissa
867 2270 948 2314 vel
995 2272 1241 2313 z'ncho‘nta

170 2345 295 2388 sunt
330 2340 390 2396 (L
445 2342 480 2390 1,
513 2340 566 2386 C.
609 2341 700 2385 Ubi
734 2341 808 2386 De
846 2341 1059 2386 crimin.
1097 2338 1238 2384 Suar.

167 2411 226 2468 V,
259 2414 332 2456 49.
370 2411 423 2455 V.
460 2411 507 2457 S.
544 2411 694 2470 Alph.
734 2410 840 2462 Vll,
873 2410 967 2463 22).
1007 2410 1074 2455 Et
1120 2411 1241 2455 haec

168 2496 318 2529 nemo
353 2481 572 2533 dubitat,
605 2483 647 2526 si
696 2480 983 2541 Episcopus
1030 2494 1237 2540 poenam

168 2554 346 2599 tulerit
378 2567 466 2612 per
487 2557 778 2597 statutum.-
814 2557 865 2597 at
898 2555 942 2598 si
979 2566 1088 2598 eam
1121 2551 1242 2596 tulit

169 2638 259 2685 per
304 2626 615 2671 sententiam
663 2625 1020 2670 universalem
1054 2625 1100 2679 (g
1130 2624 1237 2675 30l)

171 2695 319 2741 multi
336 2697 536 2754 putant,
553 2694 703 2738 etiarn
727 2692 1078 2753 delinquentes
1097 2698 1242 2739 extra

168 2766 477 2811 territorium
545 2777 756 2822 poenam
830 2765 1082 2809 incurrere
1149 2765 1240 2820 (Cf.

172 2835 316 2883 Suar.
342 2835 482 2894 Disp.
516 2834 557 2889 3,
593 2834 724 2880 Sect.
757 2835 799 2878 5.
826 2834 1009 2881 Bonae.
1034 2835 1172 2894 Disp.
1205 2835 1242 2888 Ι,

171 2906 222 2951 P.
259 2905 341 2957 xl,
376 2920 458 2951 nu.
491 2907 533 2958 6,
575 2906 661 2953 15).
696 2903 915 2958 Scilicet,
950 2906 1109 2966 ajunt,
1148 2906 1240 2951 hoc

170 2978 304 3023 inter
326 2981 582 3022 statutum
608 2979 658 3021 ct
680 2979 992 3022 sententiam
1013 2978 1242 3030 interest,

168 3047 303 3108 quod
340 3047 467 3092 illud
512 3047 705 3105 obligat
748 3048 884 3093 intra
926 3049 1239 3093 territorium

165 3117 454 3166 dumtaxat,
480 3117 603 3163 haec
635 3117 712 3162 vel
748 3123 893 3164 extra
924 3119 1237 3163 territorium

165 3188 357 3246 obligat
390 3189 552 3242 <Suae
589 3202 633 3233 n.
666 3189 749 3245 18).
776 3193 842 3234 At
874 3203 972 3249 quo
997 3190 1127 3250 jure,
1161 3203 1239 3235 so-

165 3258 272 3313 des,
306 3260 547 3303 innititur
589 3259 712 3305 haec
757 3259 1060 3306 distinctio?
1108 3261 1234 3307 Nam

165 3329 292 3376 haec
326 3327 478 3374 verba
511 3332 616 3379 lea),
653 3335 930 3385 statutum,
962 3335 1234 3379 sentencia.

166 3402 338 3460 injure
352 3400 593 3445 canonico
610 3402 892 3459 promiscue
912 3403 1236 3462 accipiuntur

168 3469 245 3525 (V.
278 3471 329 3518 C.
365 3473 393 3514 3
428 3471 501 3516 De
534 3471 747 3515 Par-och.
786 3474 880 3520 CC.
916 3475 988 3526 21,
1027 3474 1101 3527 29,
1139 3478 1169 3528 §
1210 3475 1239 3517 4

170 3543 246 3588 De
269 3541 317 3587 S.
340 3543 395 3588 Ε.
417 3542 470 3589 C.
507 3542 535 3583 2
560 3543 633 3585 De
664 3543 826 3586 Consc.
862 3545 912 3588 in
946 3544 1013 3590 6⁰.
1039 3545 1091 3593 C.
1116 3546 1144 3587 8
1169 3548 1237 3590 De

172 3613 356 3658 Privil.
381 3613 429 3657 in
457 3613 539 3663 6³),
573 3615 623 3656 et
656 3623 716 3655 ex
753 3613 879 3670 ipsis
914 3614 1159 3660 Decretal.
1188 3618 1238 3659 et

171 3681 468 3729 Clementia.
497 3681 684 3728 'ritulis
708 3682 782 3728 De
811 3688 948 3731 sent.
970 3686 1234 3732 Eoecomm.

1341 1480 1511 1541 palam
1551 1487 1774 1542 apparet.
1799 1482 1864 1529 Et
1885 1496 1994 1530 cam
2030 1483 2411 1532 distinctionem

1347 1552 1580 1612 rejiciunt
1603 1553 1827 1599 panorm.
1847 1553 1898 1599 in
1917 1554 1957 1602 C
1997 1555 2033 1607 l,
2052 1567 2099 1600 n.
2122 1555 2169 1599 ll
2196 1556 2269 1602 De
2285 1554 2332 1601 S.
2354 1557 2407 1602 E.

1342 1626 1552 1674 Navarr.
1595 1627 1668 1683 27,
1712 1628 1814 1673 273.
1850 1629 2051 1677 Covarr.
2088 1629 2137 1674 in
2171 1630 2223 1679 C.
2257 1631 2407 1677 Alma

1348 1701 1395 1744 Ρ.
1425 1700 1459 1750 l,
1486 1699 1512 1756 g
1542 1698 1606 1749 10,
1630 1713 1676 1744 n.
1697 1700 1726 1743 3
1762 1699 1963 1744 Silvest.
1990 1700 2042 1744 V.
2066 1699 2407 1756 Eccomm,11,

1343 1783 1389 1815 n.
1422 1771 1464 1816 5.
1500 1769 1671 1829 Laym.
1707 1769 1793 1823 IV,
1825 1773 1868 1817 5.
1903 1771 2051 1818 Ronc.
2086 1772 2290 1829 Quaest.
2322 1770 2412 1825 lv,

1344 1854 1377 1902 q
1425 1843 1464 1887 3.
1501 1842 1565 1887 Et
1591 1844 1705 1902 jure
1748 1856 1972 1902 prorsus.
2021 1842 2147 1889 Nam
2197 1843 2240 1889 si
2290 1856 2408 1890 vers

1343 1916 1494 1966 esset,
1534 1915 1582 1959 in
1627 1917 1740 1959 sola
1784 1914 2096 1974 legislatoris
2139 1919 2413 1962 voluntate

1345 1985 1566 2042 positum
1594 1984 1732 2035 foret.
1756 1984 1991 2030 subditos
2015 1998 2137 2031 suos
2162 1985 2236 2031 vel
2261 1991 2412 2033 extra

1345 2068 1496 2101 suum
1531 2056 1841 2102 territorium
1886 2057 1997 2102 suis
2042 2055 2236 2116 legibus
2274 2057 2405 2104 obli-

1342 2139 1488 2186 gare:
1525 2127 1658 2186 quod
1701 2130 1750 2171 et
1788 2141 1816 2172 a
1848 2127 1962 2187 jure
2001 2131 2107 2172 tum
2151 2128 2411 2186 οιιιιοιιὶαο,

1343 2205 1450 2244 tum
1471 2199 1607 2243 civili
1629 2199 2024 2244 remotissimum
2047 2203 2127 2244 est
2162 2197 2202 2240 V
2233 2202 2288 2253 ἐξ
2308 2199 2412 2254 161,

1343 2271 1465 2323 205),
1490 2274 1539 2314 et
1563 2270 1798 2328 ipsismet
1826 2269 1982 2329 hujus
2015 2271 2295 2317 sententiae
2321 2285 2410 2332 pn-

1343 2343 1502 2387 tronis
1539 2341 1718 2387 merito
1753 2341 2019 2400 displicuit
2051 2342 2250 2398 (Bonae.
2275 2356 2320 2388 n.
2343 2342 2408 2398 6).

1342 2412 1528 2458 Verum
1567 2412 1661 2458 hoc
1694 2425 1791 2457 non
1818 2413 2035 2471 pertinet
2057 2412 2119 2458 ad
2146 2412 2402 2462 Praelatos

1342 2483 1633 2542 Regulares,
1665 2496 1793 2542 quos
1820 2496 1949 2534 ,cum
1976 2483 2280 2529 territorium
2306 2497 2408 2532 non

1342 2554 1579 2606 habeant)
1604 2567 1827 2599 coercere
1853 2566 1999 2612 posse
2026 2567 2148 2599 suos
2172 2554 2407 2603 subditos

1343 2626 1647 2685 ubicumque
1671 2627 1902 2670 existunt
1925 2631 2125 2684 recepta
2156 2629 2410 2673 sententis

1342 2701 1420 2741 est
1453 2696 1518 2746 (S.
1546 2697 1675 2756 Alph
1719 2695 1827 2745 Vll.
1861 2696 1954 2742 201.

1402 2767 1459 2811 29
1496 2766 1550 2809 V.
1588 2767 1614 2824 ς
1650 2768 1752 2819 205,
1798 2768 1852 2811 47
1907 2766 1963 2813 V.
1998 2780 2037 2813 c.
2072 2768 2117 2814 si
2157 2768 2410 2827 parochus

1343 2851 1488 2883 suam
1523 2838 1800 2883 deseruerit
1836 2838 2113 2884 Ecclesiam
2154 2839 2222 2895 xC.
2254 2841 2300 2883 11
2332 2842 2406 2887 De

1347 2909 1520 2955 Cleric.
1555 2921 1656 2953 non
1687 2911 1965 2964 resident).

1404 2979 1461 3023 30
1486 2979 1558 3023 Ex
1583 2980 1633 3025 C.
1662 2981 1671 3021 l
1702 2980 1775 3025 De
1796 2979 2010 3035 Raptor.
2034 2979 2087 3026 C.
2111 2980 2159 3024 21
2194 2981 2265 3028 De
2286 2982 2322 3024 S
2350 2983 2404 3028 Β.

1344 3053 1395 3098 C.
1428 3052 1440 3093 l
1473 3051 1547 3096 De
1570 3050 1810 3102 Privczeq.
1835 3051 1885 3095 in
1909 3051 1972 3096 6⁰.
1997 3050 2174 3096 Bened.
2201 3050 2331 3099 xlv,
2353 3054 2406 3102 c,

1348 3123 1664 3168 Gravissimo
1688 3123 1736 3165 31
1766 3121 1870 3169 Oet.
1902 3122 2011 3165 1749
2049 3122 2191 3168 Suar.
2218 3123 2274 3177 V,
2291 3126 2335 3172 5.
2355 3125 2410 3179 Ἲς

1342 3193 1500 3252 Engel
1540 3191 1596 3246 V,
1646 3193 1718 3245 39,
1771 3194 1843 3236 34.
1895 3192 1929 3239 S
1980 3193 2124 3252 Alph.
2171 3192 2255 3244 Vl,
2303 3194 2409 3243 591.

1342 3264 1586 3319 Quamvis
1610 3263 1691 3308 lex
1726 3267 1774 3308 et
1798 3277 1958 3323 poena
1979 3263 2111 3310 latae
2134 3263 2322 3311 suerint
2344 3266 2408 3312 ab

1343 3333 1591 3393 Episcopo
1605 3340 1869 3391 tamquam
1882 3337 2113 3391 aeteyaco
2129 3334 2271 3380 Sedis
2282 3338 2408 3393 Apo-

1341 3408 1568 3461 scrm'ccze,
1602 3407 1645 3451 si
1682 3406 1804 3451 haec
1837 3405 2092 3464 delegatio
2124 3406 2196 3452 sit
2217 3421 2247 3452 a
2271 3406 2409 3467 jure,

1342 3478 1528 3535 quippe
1564 3476 1743 3521 recidit
1775 3478 1824 3522 in
1861 3481 2161 3534 potestatem
2195 3477 2402 3522 ordina·

1341 3547 1491 3598 ritum
1526 3551 1709 3606 utputa
1742 3548 1786 3592 si
1817 3549 2032 3592 vetuerit
2062 3546 2158 3592 sub
2190 3559 2403 3593 censura

1341 3615 1555 3675 colloqui
1575 3630 1689 3662 cum
1711 3616 2015 3662 monialibus
2034 3615 2090 3672 (S
2126 3615 2402 3675 Alph.vl1,

1343 3688 1444 3732 243.
1460 3686 1511 3731 V.
1526 3688 1640 3742 §7:3,
1656 3688 1744 3742 23).
1756 3687 1855 3733 Sed
1870 3688 1914 3732 is
1936 3688 2022 3746 qui
2042 3690 2158 3732 ante
2171 3687 2398 3742 dicessit,

2471 120 2515 178 1»

2506 299 2507 303 ,
2532 263 2548 299 i

2539 2611 2541 2613 ·
2527 2485 2548 2579 ’ar-1⁸·-
2540 2458 2548 2475 ι.
2537 2412 2548 2427 ..ι
2543 2396 2548 2400 ,
2528 2363 2548 2386 L
