2548 4042
178 2 277 60 138
468 19 593 59 uns
626 19 828 60 »nma—
849 18 1268 60 mommo-nm-
1286 14 1462 60 mor·
1482 0 1534 63 ιἰἰ
1538 0 1624 73 'sn‘
1653 0 1942 79 λσπὸῶέμ

174 102 371 159 dinem
419 106 637 167 servat,
686 105 748 159 et
796 101 1081 174 quidquid
1129 102 1296 158 illum
1348 79 1662 174 perturbat
1708 104 1929 161 dicitnr
1965 69 2217 163 malum
2197 54 2298 181 ,lq
2327 74 2342 170 ,Δ
2373 73 2488 182 ἓν]

176 206 371 262 neque
412 194 628 255 servat,
668 206 863 262 neque
906 191 1213 262 perturbat
1254 191 1596 248 indifferens
1635 192 1872 250 dicitur.

258 282 379 336 152.
422 282 639 335 Verum
681 281 902 350 duplex
949 284 1039 335 est
1081 281 1222 335 ordo
1263 296 1476 344 rer,um
1521 281 1677 336 alter
1719 285 1948 347 natura,
1985 283 2140 340 alter
2178 281 2482 354 legibus
2454 247 2458 251 ι
2535 351 2548 359 .

177 371 548 426 constitutus.
590 370 752 433 Quae
796 370 958 424 ilium
1001 371 1349 439 perturbant
1389 373 1527 425 sunt
1567 370 1722 427 mala
1764 377 1994 443 natura,
2050 387 2203 443 quae
2261 374 2417 430 hunc

176 468 315 515 sunt
356 460 509 515 mala
560 459 739 514 soiius
780 458 932 528 legis
975 456 1103 531 (seu
1159 460 1396 516 divinae
1440 459 1741 529 positivae,
1783 476 1889 516 seu
1930 462 2266 525 canonicae,
2309 476 2419 518 seu
2508 443 2548 533 j}

177 550 388 620 civilis)
419 552 723 620 potestate.
754 550 947 619 Atque
978 549 1126 612 ideo,
1155 549 1295 619 quia
1325 564 1519 604 rerum
1562 553 1774 605 natura
1816 550 2028 606 mutari
2062 552 2284 621 nequit,
2320 553 2418 605 illa

178 642 318 695 sunt
347 640 499 694 mala
527 639 716 709 quoad
743 653 961 702 omneS,
991 638 1207 707 ubique
1236 638 1523 706 gentium,
1568 643 1881 709 perpetuo:
1918 641 2040 695 haec
2066 642 2140 695 ab
2170 641 2257 695 eis
2286 646 2415 696 tan-

176 732 300 784 tum
344 728 612 784 facienda
653 728 743 783 vei
774 727 1102 782 omittenda
1130 729 1286 789 sunt,
1319 728 1417 797 qui
1462 742 1534 782 ea
1575 728 1709 797 Iege
1739 730 2041 794 tenentur,
2068 744 2137 784 ac
2169 728 2411 799 proinde

178 819 236 873 in
267 819 563 875 territorio
606 818 961 885 legislatoris
1002 820 1247 880 tantum,
1292 822 1354 870 et
1393 817 1670 887 quamdiu
1714 832 1784 871 ea
1826 817 1924 872 lex
1965 818 2130 887 viget
2169 817 2266 888 (3).
2305 817 2418 871 Illa

177 913 314 964 sunt
354 912 506 962 vetita
542 910 662 977 quia
691 909 866 973 mala5
904 907 1023 960 haec
1063 903 1205 958 mala
1245 908 1367 974 quia
1410 909 1563 959 vetita
1590 903 1684 978 (4).
1719 908 1923 962 Utrum
1966 906 2155 975 igitur
2193 905 2420 977 aliquid

177 998 257 1054 sit
298 999 527 1060 bonum,
567 1012 644 1051 an
689 997 922 1057 malum,
953 1011 1027 1049 an
1061 1011 1167 1049 nec
1212 996 1442 1060 bonum,
1488 1011 1597 1050 nec
1641 996 1875 1060 malum,
1910 997 2014 1052 sed
2057 997 2416 1061 indifferens»,

177 1102 292 1144 non
322 1103 395 1142 ex
425 1087 544 1141 solo
574 1086 830 1140 naturali
865 1086 1018 1154 jure,
1048 1085 1150 1139 sed
1179 1100 1253 1139 ex
1274 1086 1411 1155 Jure
1440 1100 1671 1155 quoque
1716 1087 1963 1155 positivo
1989 1087 2420 1142 aestimandum

178 1180 284 1235 est.
327 1178 713 1239 Quamobrem
770 1174 1167 1229 indifferentia
1221 1190 1293 1230 ea
1345 1175 1530 1230 solum
1583 1175 1854 1246 accipere
1909 1176 2207 1238 debemus,
2265 1190 2420 1246 quae

179 1270 455 1322 neutrum
476 1266 577 1334 jus
607 1268 785 1325 vetat,
818 1266 1091 1318 neutrum
1113 1265 1213 1332 Jus
1246 1265 1556 1333 praecipit;
1588 1279 1741 1335 quae
1773 1266 1943 1330 bona,
1973 1265 2065 1320 vel
2096 1266 2249 1320 mala
2272 1266 2423 1320 flunt

179 1356 500 1411 secundum
526 1354 912 1408 intentionem
936 1353 1197 1420 agentis:
1222 1355 1403 1423 atque
1422 1354 1550 1407 ideo
1573 1369 1647 1408 ex
1671 1369 1741 1408 ea
1763 1354 2060 1408 aestimari
2086 1356 2304 1410 debent
2321 1353 2417 1427 (5).

258 1446 379 1499 153.
422 1444 533 1498 Sed
577 1444 720 1497 haec
761 1443 833 1495 de
878 1442 1149 1496 humanis
1188 1442 1519 1496 actionibus
1566 1446 1622 1495 in
1655 1460 1856 1512 qenere.
1900 1446 1962 1497 In
2005 1446 2276 1499 individuo
2316 1459 2418 1500 eas

182 1536 530 1605 peragente,
561 1532 832 1586 voluntas
862 1532 990 1600 ejus
1020 1547 1149 1585 cum
1181 1531 1383 1600 primis
1414 1532 1779 1600 inspicienda
1808 1534 1917 1596 est,
1948 1534 2162 1603 quippe
2197 1549 2272 1589 ex
2300 1548 2418 1604 qua

181 1624 369 1679 omnis
389 1627 561 1677 actus
589 1622 878 1675 humanus
909 1620 1141 1674 initium
1174 1621 1349 1690 capit.
1372 1621 1760 1683 Quamobrem
1793 1623 2036 1686 bonitas,
2068 1624 2162 1679 vel
2194 1623 2422 1678 malitia

179 1711 464 1767 sumenda
494 1714 584 1765 est
626 1725 701 1764 ex
742 1710 987 1779 obiecto,
1018 1725 1092 1764 ex
1120 1710 1255 1773 fine,
1288 1724 1362 1764 ex
1391 1710 1852 1766 circumstantiis
1878 1711 1983 1783 (6);
2021 1727 2174 1784 quae
2205 1713 2425 1769 idcirco

243 1918 272 1962 3
305 1917 360 1960 V.
388 1916 529 1962 Suar.
558 1916 631 1960 De
656 1916 863 1969 Religio.
899 1913 983 1958 To.
1009 1911 1045 1963 Ι,
1086 1913 1163 1957 Tr.
1188 1912 1248 1964 II,

183 1987 291 2035 Lib.
314 1988 378 2038 Il,
410 1989 529 2045 Cap.
556 1984 688 2030 XIII.
727 1986 847 2033 Illa,
881 1997 924 2029 v.
950 1997 1005 2036 c.,
1033 1983 1253 2038 mentiri,

183 2058 558 2118 blasphemare:
609 2069 738 2115 quae
786 2054 993 2114 proinde
1039 2067 1130 2098 nec
1179 2054 1253 2098 in-

181 2130 427 2180 fantibus,
459 2140 548 2172 nec
583 2125 872 2171 amentibus
897 2125 1051 2170 licent
1071 2149 1092 2159 —
1114 2126 1254 2171 Haeo

182 2215 229 2248 v.
262 2214 302 2246 c.
336 2197 701 2244 eucharistiam
748 2210 948 2242 sumere
978 2196 1251 2255 -jejunare

185 2274 337 2319 cert-is
371 2270 551 2316 diebus
580 2294 598 2303 ·
626 2268 907 2327 legitimam
943 2267 1063 2312 filiis
1096 2266 1248 2311 relin-

180 2358 350 2404 quere,
400 2342 477 2386 vel
532 2342 763 2400 (spuriis)
816 2339 1057 2383 alimenta
1084 2364 1105 2372 -
1126 2341 1251 2383 Cum

187 2416 270 2460 his
292 2427 417 2473 quae
442 2418 563 2458 sunt
587 2412 858 2456 intrinsece
885 2409 1015 2454 mala
1042 2409 1249 2454 confun-

190 2485 351 2531 denda
376 2498 470 2529 non
499 2487 619 2528 sunt
646 2496 717 2531 ea.
741 2494 867 2541 quae
888 2480 1143 2531 dedecent,
1164 2482 1255 2525 aut

183 2557 355 2602 minus
399 2555 611 2600 honesta
663 2553 910 2603 videntur,
945 2565 988 2595 v.
1025 2565 1061 2596 e.
1096 2550 1247 2596 bene·

183 2626 360 2672 factori
396 2639 489 2671 suo
513 2626 769 2684 ingratum
797 2636 922 2674 esse,
959 2622 1251 2680 adoptantis

184 2697 391 2742 viduam
426 2696 504 2754 (L.
557 2698 624 2749 14,
666 2696 740 2741 De
778 2695 902 2738 Ritu
939 2694 1111 2749 Nupt.)
1151 2692 1249 2737 du-

184 2781 305 2812 cere.
345 2772 436 2812 etc.

243 2844 270 2883 4
295 2840 357 2883 Et
385 2838 495 2883 ideo
522 2839 641 2889 illa,
665 2848 928 2895 nunquam
950 2834 1091 2879 licita
1114 2836 1250 2885 sunt,

182 2923 243 2955 ne
278 2910 539 2954 levissima
573 2907 792 2967 quidem,
840 2906 995 2950 veluti
1043 2903 1248 2949 menda-

182 2981 316 3025 cium
341 2979 646 3028 officiosuni;
682 2982 808 3023 haec
841 2989 1015 3029 secu33
1051 2980 1099 3020 et
1133 2977 1253 3034 quia

183 3050 435 3094 interdum
464 3050 590 3107 legis
617 3062 814 3108 quoque
838 3048 1040 3092 divinae
1065 3045 1254 3104 obliga·

183 3121 255 3166 tio
289 3135 483 3165 cessare
520 3125 684 3178 potest
740 3119 839 3162 V.I
888 3118 994 3176 Reg
1035 3116 1163 3167 XXI,
1197 3117 1247 3168 6;

183 3190 361 3236 Matth.
382 3191 516 3241 XIII,
534 3194 578 3247 3)
604 3191 744 3235 licita
769 3190 873 3235 fieri
895 3191 1125 3248 possunt.
1152 3187 1249 3233 Sed

188 3267 237 3308 et
271 3261 393 3306 haec
428 3262 657 3306 recidunt
700 3263 749 3305 in
787 3262 873 3320 jus
912 3259 1157 3310 naturale,
1203 3262 1253 3303 et

182 3331 294 3377 ideo
314 3347 328 3385 J
347 3345 403 3377 er
416 3345 467 3377 se
482 3331 655 3375 illicite
677 3333 819 3378 flunt.
834 3331 1252 3390 quotiescumque

186 3403 472 3461 extorqueri
508 3402 666 3446 velint
700 3404 750 3447 in
791 3407 1135 3460 contemptum
1177 3401 1250 3446 le-

182 3474 467 3532 gislatoris3
491 3472 648 3517 voluti
672 3475 713 3516 si
735 3475 849 3531 quis
874 3479 1084 3531 cogatur
1108 3472 1252 3517 edere

184 3557 359 3589 carnes
384 3544 464 3587 die
490 3543 695 3587 esuriali
719 3545 766 3586 in
793 3548 1135 3601 contemptum
1162 3543 1253 3587 Ec·

185 3612 366 3657 clesiae
386 3612 461 3670 (V,
485 3610 544 3656 11.
568 3612 791 3657 Machab.
819 3612 888 3662 VI,
918 3614 1014 3667 18);
1048 3618 1096 3658 et
1130 3618 1253 3659 tunc

187 3695 247 3727 ne
274 3682 337 3727 ad
365 3686 572 3728 mortem
599 3683 801 3743 quidem
828 3684 1086 3729 vitandam
1113 3684 1254 3729 licita

1353 1917 1475 1959 sunt
1509 1914 1603 1967 (Ex
1630 1915 1680 1964 C.
1707 1916 1748 1961 5.
1774 1918 1850 1963 De
1870 1918 1938 1962 iis
1969 1929 2103 1975 quae
2123 1919 2210 1969 vi,·
2238 1916 2360 1964 Soto
2382 1915 2424 1973 1,

1354 1983 1488 2035 v1‚4.
1506 1998 1549 2030 v.
1567 1987 1908 2043 supremum:
1932 1987 2144 2034 Salmat.
2160 1987 2220 2040 X,
2246 1989 2281 2041 1,
2301 1987 2421 2043 206).

1355 2055 1430 2101 Ad
1455 2056 1578 2102 haec
1601 2061 1723 2102 sunt
1746 2057 1860 2109 alia,
1882 2071 2011 2118 quae
2035 2059 2278 2105 dicuntur
2309 2072 2425 2106 con-

1352 2131 1430 2172 tra
1452 2127 1605 2173 bonos
1631 2143 1792 2175 mores
1812 2130 2004 2182 civiles,
2024 2134 2113 2176 aut
2130 2132 2421 2185 canonicos;

1353 2202 1409 2242 ut
1437 2203 1562 2257 puta
1585 2202 1880 2246 renunciare
1906 2200 2270 2247 haereditatem
2294 2202 2421 2262 eJus,

1351 2270 1440 2327 qui
1474 2270 1696 2315 nondum
1732 2272 1839 2316 vita
1872 2271 2091 2317 decessit
2112 2272 2189 2328 (L.
2209 2271 2309 2323 4.c
2349 2275 2420 2322 De
2527 2315 2548 2331 ,,.

1354 2342 1532 2384 Inutil.
1564 2340 1784 2399 Scipuz.),·
1811 2342 1886 2387 vel
1914 2344 2210 2402 promittere
2238 2342 2442 2391 bened-⁴
2540 2363 2548 2373 ⁴

1352 2412 1486 2456 cium
1503 2410 1779 2456 ecclesiast.
1794 2412 1943 2471 plenu
1956 2426 2015 2465 m,
2028 2425 2142 2458 curn
2157 2412 2422 2460 beneficia·
2543 2437 2548 2445 ·

1352 2484 1438 2526 tus
1466 2486 1675 2526 mortem
1707 2482 1887 2527 obierit
1914 2483 1988 2539 (C.
2017 2483 2058 2528 2.
2086 2484 2161 2531 De
2188 2485 2419 2532 concess.

1352 2553 1535 2599 Praeb.
1570 2556 1627 2598 in
1659 2553 1743 2607 6⁰).
1778 2553 1841 2597 Et
1865 2553 1987 2600 haec
2009 2551 2213 2614 quoque
2245 2556 2415 2603 minus
2470 2596 2473 2597 γ
2531 2599 2548 2606 -

1352 2623 1566 2669 honesta
1589 2622 1825 2670 ducimus
1849 2628 1899 2668 et
1923 2625 2091 2670 minus
2119 2626 2200 2671 his
2223 2626 2285 2672 de
2308 2627 2420 2686 qui-

1354 2694 1449 2739 bus
1483 2695 1534 2739 in
1569 2708 1611 2739 n.
1639 2695 1686 2745 3;
1719 2700 1771 2740 at
1794 2708 1891 2740 non
1927 2699 2147 2755 peccata.
2180 2695 2311 2742 Sane
2352 2710 2425 2744 ro·

1353 2765 1612 2810 nunciatio
1629 2764 1958 2811 haereditatis
1980 2780 2221 2826 personae
2246 2768 2434 2826 vivem-⁴

1352 2837 1419 2880 tis
1464 2835 1793 2880 confirmatur
1829 2836 2120 2896 juramento
2165 2839 2239 2886 «C.
2273 2840 2314 2884 2.
2351 2841 2425 2886 De

1358 2906 1566 2959 Paeti-ri,
1603 2905 1737 2966 quod
1773 2921 1868 2952 non
1904 2912 1982 2953 est
2026 2909 2288 2956 vinculum
2326 2910 2422 2956 ini·
2485 2923 2494 2929 ·
2535 2934 2537 2938 .

1352 2978 1568 3037 quitatiS
1610 2979 1681 3034 (C.
1723 2980 1758 3023 1.
1794 2982 1863 3025 De
1901 2982 2101 3025 Iuram.
2143 2981 2194 3026 in
2233 2982 2329 3035 6⁰);
2373 2984 2424 3027 et
2510 2990 2524 2998 ‘

1354 3049 1623 3108 promissio
1647 3048 1873 3094 beneficii
1899 3054 2013 3108 post
2037 3049 2247 3103 obitum,
2273 3051 2422 3098 hodie

1352 3118 1483 3164 facta
1519 3134 1548 3163 a
1573 3121 1623 3164 R.
1647 3119 1886 3165 Pontifice
1920 3122 2022 3173 (cit.
2048 3134 2089 3167 c.
2117 3121 2144 3164 2
2173 3122 2248 3167 De
2276 3123 2426 3170 Cone.

1354 3190 1535 3236 Praeb.
1572 3190 1620 3234 in
1658 3190 1742 3243 δ”),
1782 3190 1900 3235 oiim
1946 3194 1996 3235 et
2039 3191 2101 3237 ab
2142 3193 2424 3240 ordinariis

1356 3261 1431 3318 (C.
1462 3261 1509 3303 14
1538 3261 1610 3306 De
1647 3261 1869 3307 ConcesS.
1906 3262 2108 3314 Praeb.)
2140 3262 2282 3309 licita
2313 3262 2426 3310 fuit.

1414 3332 1443 3374 5
1478 3330 1607 3382 Ideo,
1643 3345 1685 3375 v.
1721 3345 1746 3376 c
1769 3363 1779 3383 ‚
1811 3332 1895 3390 qui
1931 3332 2128 3391 puellae
2153 3333 2241 3379 dat
2274 3347 2422 3394 pecu-

1355 3402 1509 3455 niam,
1541 3402 1583 3446 si
1620 3415 1678 3447 ea
1721 3403 1878 3447 tacita
1930 3404 2208 3448 intentione
2241 3403 2328 3450 dat
2362 3407 2422 3451 ut

1355 3486 1464 3517 eam
1500 3472 1724 3527 seducat,
1761 3487 1865 3517 rem
1902 3473 2110 3528 malam3
2145 3476 2225 3520 sin
2258 3475 2430 3521 suble-

1355 3542 1550 3588 vandae
1574 3542 1772 3602 inopiae
1797 3545 1907 3602 ejus
1930 3557 2101 3597 causa,
2121 3558 2224 3590 rem
2245 3545 2426 3592 bonam

1355 3614 1491 3659 facit.

1418 3684 1446 3727 6
1479 3683 1535 3729 D.
1570 3684 1693 3731 Tho.
1729 3686 1768 3740 1,
1799 3685 1840 3739 2,
1881 3685 1950 3740 18,
1982 3686 2024 3730 4.
