2548 4042
148 39 244 96 104

137 323 243 374 aut
285 318 518 372 vexillis
558 315 839 385 appositis
870 315 997 387 (43).

546 55 671 94 rans
708 52 860 92 11111111
883 53 908 78 ⁶
931 39 1299 91 raotnconiu
1324 61 1352 76 -
1369 49 1544 91 111101.
1564 48 1600 88 >1.
1625 49 1691 89 nc
1715 11 1966 90 ’1111301113

145 139 315 209 gravi
347 141 506 193 metu
537 135 863 208 perterriti3
892 134 1199 191 dummodo
1227 149 1341 189 non
1382 136 1848 204 extorqueantur
1887 132 1948 189 in
1975 112 2548 214 σουῐθώριιιηΐ-*ῗῗρῥ

142 230 443 284 Ecclesiae
461 228 599 296 (42);
623 229 684 282 et
705 227 919 280 dumne
942 225 1256 280 defunctus
1277 223 1557 279 efferatur
1571 217 1760 294 signis
1782 224 2120 282 massonicis
2141 226 2376 290 feretro,
2401 227 2427 259 ³
2516 223 2523 228 '

2373 0 2435 26 Ὺ.

2371 37 2395 69 ³²«

2013 0 2020 8 ‘
2079 0 2134 20 .··‘'
2155 0 2323 21 ’ἝΎᾸΨἯΓ
2352 11 2353 14 =

2096 41 2098 43 -
2162 19 2253 58 “..’“’·ᾗ
2299 0 2381 62 ’Ῡξῒῗ

2095 59 2097 62 ·
2200 78 2206 81 .
2351 57 2404 94 gn.

219 408 337 462 116.
381 408 481 460 His
522 405 620 476 qui
671 407 810 460 sunt
860 404 1088 474 indigni
1133 403 1537 459 ecclesiastica
1584 403 1890 473 sepultura
1930 407 2129 459 rationo
2161 405 2376 475 peccati,

138 496 487 552 accensendi
513 498 650 550 sunt
681 494 757 557 lii,
781 494 879 565 qui
912 509 1156 563 corpora
1184 509 1290 547 sua
1323 499 1446 561 post
1477 496 1719 553 mortem
1749 493 1993 548 cremari
2017 495 2250 578 jubent,
2270 495 2378 549 aut

138 583 351 659 rogant
371 587 503 659 (44),
526 588 654 641 ideo
683 589 742 642 et
773 586 861 641 his
889 586 1239 654 deneganda
1269 588 1358 639 est
1386 583 1529 655 (45);
1563 599 1789 654 nempe,
1815 588 1981 655 prout
2013 585 2127 639 illis
2148 584 2204 655 (ἓ
2233 582 2377 656 114),

201 748 445 795 4‘2Pik1er
469 749 576 796 Lib.
598 748 685 800 111.
709 749 800 795 Tit.
821 750 893 798 28,
921 747 1080 794 Decis.
1110 748 1207 799 101,

141 822 196 879 Q.
225 820 282 866 11.
309 821 448 867 Reiff.
484 821 570 873 111,
603 822 678 873 28,
697 821 770 867 78,
795 821 945 869 Croix
972 818 1079 869 vlt.
1103 819 1207 864 259.

141 893 206 938 Et
228 906 279 939 re
302 893 505 953 quidem
533 906 649 938 vera
678 892 712 937 S
749 891 791 938 U
837 890 870 935 1.
901 889 1065 936 131u1.
1099 890 1209 935 1609

139 965 354 1018 censuit,
379 963 691 1024 sepulturam
729 962 1091 1008 haereticorum
1127 965 1206 1006 to-

141 1033 398 1080 lerandam
422 1047 548 1086 esse,
583 1037 631 1078 si
658 1036 704 1080 ei
735 1036 926 1091 absque
956 1034 1209 1077 scandalo

139 1108 316 1154 resista·
333 1119 435 1151 non
451 1110 620 1163 potest
640 1106 820 1164 (Gir-ar.
842 1104 970 1151 Sect.
991 1103 1094 1153 809,
1112 1102 1209 1158 IV).

202 1177 261 1222 43
294 1177 415 1222 Pius
459 1176 526 1223 lx
562 1179 635 1222 Ad
673 1179 903 1232 Archiep.
948 1177 1207 1222 Parisien.

141 1246 202 1292 26
232 1246 416 1294 Octobr
459 1248 571 1291 1865
603 1249 750 1297 (Acta
789 1246 868 1298 Nl,
894 1246 1013 1292 2101.

203 1317 351 1364 Porro
384 1319 531 1376 queis
564 1332 661 1363 non
687 1318 804 1363 licet
827 1316 943 1362 dare
979 1317 1208 1377 sepultu-

141 1402 247 1435 ram
293 1388 707 1439 ecclesiasticam.
752 1389 843 1434 hos
886 1388 1060 1433 efferre
1105 1388 1207 1432 ritu

142 1458 406 1509 catholico.
443 1461 617 1520 eisque
653 1460 797 1518 justa
840 1458 1015 1511 facere,
1057 1471 1209 1517 grave

143 1534 223 1577 est
249 1531 321 1579 «C.
343 1530 413 1580 12.
433 1531 556 1577 Cau.
580 1530 649 1581 23,
675 1533 716 1576 5.
737 1530 879 1576 Suar.
900 1531 973 1576 De
997 1531 1205 1576 Censur.

148 1602 216 1656 12,
233 1603 381 1657 4,14).
403 1602 745 1647 Nihilominus
765 1602 1077 1661 putatCroix
1102 1600 1208 1654 vll,

139 1673 246 1726 268,
278 1687 376 1720 non
410 1687 520 1719 esse
556 1672 790 1719 illicitum
826 1673 1029 1733 pulsare
1062 1686 1202 1718 cam·

140 1757 315 1804 panas,
339 1745 459 1804 quia
488 1742 760 1803 pulsantur
784 1750 841 1789 ut
865 1743 1039 1789 fideles
1062 1746 1208 1788 orent

142 1827 230 1875 pro
264 1820 473 1861 mortuo.
507 1815 586 1860 Ita
618 1828 757 1871 sane,
790 1814 1066 1861 dummodo
1110 1827 1207 1859 non

141 1890 324 1946 agatur
355 1886 416 1931 de
451 1886 735 1937 haereticis,
769 1899 858 1932 nec
895 1886 956 1930 de
981 1885 1087 1940 his,
1120 1886 1206 1946 qui

141 1957 499 2016 impenitentes
534 1957 857 2003 decesserint.

202 2029 260 2072 44
293 2028 365 2076 Cf.
388 2027 442 2074 cl.
481 2028 695 2075 Sourati.
727 2030 787 2074 Se
811 2030 890 2072 sia
919 2030 1066 2075 lecito
1090 2030 1205 2073 bru·

138 2101 286 2147 ciare
316 2101 339 2145 i
371 2103 539 2144 morti.
575 2100 759 2145 Milano
791 2100 926 2144 1885:
955 2113 1083 2159 opus
1119 2113 1210 2144 un-

142 2168 294 2229 dique
338 2171 758 2216 eruditissimum.
802 2171 908 2218 Mos
952 2170 1208 2216 cremandi

142 2246 453 2286 mortuorum
491 2241 753 2287 hominum
794 2255 1002 2302 corpora
1036 2256 1065 2287 a
1099 2256 1206 2287 mo-

145 2310 286 2357 ribus
305 2311 601 2359 christianis
620 2314 942 2359 vehementer
961 2314 1209 2359 abhorret.

150 2382 438 2428 Christiane·
471 2390 789 2431 eoeecrantur
821 2397 971 2442 royos
1004 2385 1208 2436 (Minue.

145 2452 287 2498 Felix
322 2455 372 2499 in
404 2456 657 2511 Octavio);
693 2470 909 2516 eumque
944 2459 1210 2502 atrocissi-

145 2538 289 2570 mum
322 2525 543 2584 appellat
575 2527 867 2573 Tertullian.
904 2529 1000 2578 (De
1021 2531 1211 2574 Anima

144 2595 263 2655 Cap.
295 2597 348 2646 1).
372 2595 470 2642 Sed
494 2603 543 2641 et
577 2611 605 2642 a
639 2598 860 2644 moribus
895 2599 1210 2653 hebreorum,

144 2666 300 2712 immo
345 2651 569 2724 obuium
621 2683 746 2728 pme
788 2671 1038 2728 gentium,
1083 2674 1132 2715 et
1179 2685 1207 2715 a

144 2751 298 2783 sensu
335 2739 553 2784 naturali
587 2739 850 2786 hominum
875 2740 1096 2786 alienum
1132 2744 1210 2786 est

146 2808 223 2854 (V.
267 2809 404 2856 Grot.
446 2815 508 2856 De
550 2813 683 2858 Iure.
724 2813 780 2856 B.
821 2818 871 2859 et
906 2813 959 2856 P.
1008 2812 1110 2858 Lib.
1147 2812 1209 2864 11,

146 2880 268 2940 Cap.
297 2882 379 2929 19).
415 2882 607 2927 Insedit
636 2882 964 2942 aliquamdiu,
996 2895 1084 2928 nec
1108 2897 1212 2928 om·

147 2951 312 3005 nibus,
336 2953 567 3000 Athenis.
604 2960 658 2998 ut·
685 2954 892 3014 quidam
919 2959 1113 3014 putant,
1149 2968 1209 2999 ex

148 3022 375 3069 doctrina
434 3024 846 3084 philosophorum
904 3026 1205 3071 existiman-

146 3092 275 3137 tium
312 3095 477 3152 ignem
514 3110 623 3140 esse
659 3097 962 3155 principium
988 3097 1210 3141 universi

148 3161 224 3219 (V.
244 3164 343 3211 Cic.
371 3167 443 3211 De
464 3168 585 3211 Nat.
615 3169 757 3212 Deor.
786 3167 890 3212 Lib.
915 3169 973 3224 3).
999 3166 1211 3226 ideoque

146 3235 317 3279 omnia
350 3237 462 3294 igne
497 3250 606 3282 esse
642 3237 904 3282 solvenda:
941 3242 991 3282 et
1029 3237 1211 3283 Romae

140 3310 417 3362 postquam
474 3309 769 3365 lonqinquis
817 3311 958 3354 bellis
1005 3310 1212 3353 obrutos

146 3375 356 3432 (milites
380 3376 464 3436 qui
494 3380 541 3422 in
573 3381 644 3423 eis
669 3379 970 3434 ceciderant)
996 3382 1109 3425 erui
1131 3391 1210 3424 co·

140 3453 433 3503 ynoverunt
453 3448 597 3505 (Plin.
620 3451 748 3493 Htst.
772 3451 959 3494 Natur.
989 3449 1076 3494 VII
1117 3451 1210 3503 54).

147 3516 253 3563 Hoc
286 3531 420 3563 more
444 3524 620 3578 postea
644 3522 693 3564 in
716 3520 1020 3567 christianos
1049 3521 1206 3567 saevi-

147 3592 255 3632 tum
303 3595 395 3642 est,
437 3593 591 3647 quasi
632 3595 1065 3639 resurrectionem
1104 3595 1211 3637 dlis

147 3662 379 3707 adimere
395 3667 621 3717 possent,
646 3674 709 3707 ne
731 3676 849 3718 spes
869 3666 1071 3720 quidem
1096 3666 1209 3708 ulla

145 3735 457 3788 resumendi
488 3735 563 3779 eis
596 3735 974 3790 relinqueretur
1006 3733 1206 3791 (Euseb.

1309 748 1498 792 Hister.
1528 749 1660 793 Eccl.
1685 747 1788 795 Lib.
1820 747 1875 802 V,
1897 749 2014 808 Cap.
2050 750 2106 797 11.
2135 748 2375 809 Profliga-

1312 824 1416 863 turn
1469 817 1529 863 ab
1580 818 1804 864 Ecclesia
1857 819 2114 865 ethnicum
2169 831 2378 878 rnorem,

1313 890 1624 936 massonicae
1649 893 1815 935 sectae
1840 889 2045 942 addicti,
2071 889 2273 946 collatis
2298 889 2377 936 vi-

1310 958 1464 1007 ribus.
1503 961 1722 1005 inaximo
1758 960 1873 1006 nisu
1911 962 1959 1005 in
1994 964 2100 1006 tota
2139 959 2237 1006 fero
2267 959 2375 1007 Eu-

1311 1045 1448 1090 ropa.
1483 1031 1571 1076 sed
1605 1045 1717 1077 cum
1760 1032 1935 1091 primis
1970 1045 2123 1091 penes
2157 1044 2261 1081 noe.
2295 1032 2378 1079 in-

1310 1109 1540 1147 staurare
1564 1111 1832 1147 conantur:
1858 1102 2051 1148 scilicet
2079 1102 2160 1148 his
2183 1106 2379 1151 certum

1310 1179 1388 1218 est
1412 1172 1687 1219 Ecclesiam
1717 1174 2017 1220 catholicam
2043 1172 2266 1233 undique
2289 1186 2376 1233 op-

1311 1257 1554 1303 pugnare,
1590 1244 1812 1304 undique
1857 1244 2098 1289 demoliri.
2133 1243 2246 1292 Orsi
2281 1243 2380 1291 sub

1312 1316 1554 1361 ementita
1587 1315 1661 1363 «V.
1697 1316 1753 1361 cl.
1795 1316 1958 1366 Porro,
1984 1319 2018 1360 A
2038 1318 2303 1373 proposito
2326 1316 2381 1360 di

1310 1399 1418 1431 una
1436 1392 1788 1442 cremazi‘one,
1814 1389 1945 1446 18822)
1963 1391 2128 1447 specie
2147 1386 2378 1448 publicae

1311 1456 1636 1505 valetudinis.
1665 1459 1825 1508 niodo.
1850 1472 1949 1519 quo
1973 1463 2205 1519 spectent
2245 1459 2377 1505 inci-

1310 1526 1458 1586 piunt
1483 1529 1729 1587 profiteri3
1752 1530 1846 1583 far
1867 1533 2076 1586 sparire
2098 1530 2385 1585 icimiteri,

1307 1596 1492 1654 faciae
1514 1602 1955 1657 disnperstizioni
1994 1600 2229 1652 Mariotti,
2254 1599 2383 1655 Ode,-

1311 1668 1501 1721 Gorini,
1518 1673 1906 1730 l’urificaze'one
1923 1672 2173 1718 de'Morei.
2192 1683 2241 1730 p.
2261 1669 2381 1729 120J2

1310 1742 1350 1784 il
1382 1745 1753 1790 rina-scimento
1787 1745 1929 1788 della
1962 1743 2289 1788 cremozione
2309 1742 2382 1787 si-

1307 1813 1504 1868 onifica
1533 1818 1765 1871 omaqya'o
1791 1816 1847 1859 ai
1868 1815 2120 1871 principii
2146 1812 2380 1870 supremi

1310 1885 1367 1928 cii
1391 1885 1576 1931 liberta
1600 1899 1626 1933 e
1649 1889 1703 1932 αι·
1730 1888 2042 1938 coner-anza,
2067 1886 2157 1932 che
2178 1895 2302 1929 sono
2324 1885 2380 1930 la

1311 1966 1452 2006 VERA
1489 1971 1514 2004 e
1546 1959 1596 2001 ln
1628 1969 1759 2003 sona
1798 1969 2079 2003 RssanIONss
2105 1955 2383 2012 deipopozi

1310 2032 1444 2083 (Atti
1477 2031 1558 2075 del
1585 2031 1630 2074 1ἰι
1661 2031 1939 2085 Conqresso
1972 2029 2055 2072 dei
2091 2027 2384 2074 Cremazio-

1310 2105 1444 2148 nisti
1474 2104 1530 2147 in
1557 2103 1771 2146 Modena
1800 2101 1979 2149 1882).
2006 2101 2167 2157 Quam
2191 2098 2252 2144 ob
2274 2111 2380 2144 rem

1310 2174 1479 2220 fassus
1501 2178 1578 2219 est
1612 2173 1686 2218 vel
1714 2173 1822 2232 ipse
1847 2172 2178 2220 Castellazzo:
2206 2174 2384 2218 hanno

1307 2249 1482 2303 yiusto
1516 2248 1704 2291 motivo
1749 2247 1766 2287 ι’
1808 2245 2036 2289 cartolici
2074 2244 2132 2288 di
2175 2241 2384 2299 oppam·

1312 2320 1419 2363 alla
1435 2318 1767 2363 cremazz'one
1779 2328 1795 2360 :
1810 2320 1986 2372 questa
1998 2314 2385 2373 purificazione

1310 2390 1395 2434 dei
1419 2389 1588 2440 morti,
1606 2400 1704 2444 per·
1728 2399 1903 2432 mezzo
1925 2388 2008 2431 del
2033 2384 2204 2441 facco.
2241 2394 2385 2429 scuo·

1315 2461 1506 2506 terebbe
1541 2460 1664 2505 nelle
1698 2470 1791 2503 sue
1823 2459 1936 2502 basi
1975 2458 2015 2500 il
2051 2455 2382 2512 predoniinio

1311 2532 1549 2575 cattolico
1575 2531 1801 2585 (Fascio,
1826 2528 2027 2587 Maggio
2058 2527 2185 2579 1885,
2209 2539 2253 2571 n.
2285 2523 2387 2573 150.

1312 2601 1368 2646 V.
1414 2601 1630 2650 Scurati.
1677 2601 1748 2656 op
1808 2603 1889 2645 cic.
1947 2602 2158 2645 Ricerea
2211 2600 2379 2645 Terza

1312 2686 1357 2732 p.
1388 2673 1506 2725 193).
1531 2673 1593 2716 Ec
1624 2684 1763 2716 nunc
1796 2672 2113 2716 erudimini!

1372 2744 1430 2786 45
1464 2741 1708 2800 Suprema
1757 2744 1999 2800 Uongreg.
2048 2740 2094 2786 S.
2147 2739 2204 2786 R.
2242 2737 2302 2785 U.
2346 2737 2384 2786 I.

1312 2813 1545 2859 consulta
1573 2815 1612 2854 Γ·
1630 2815 1703 2857 An
1722 2813 1919 2856 licitum
1947 2815 2017 2855 sit
2044 2822 2227 2859 nomen
2253 2813 2387 2859 dare

1312 2885 1661 2937 societatibus,
1708 2885 1892 2940 quibas
1934 2885 2263 2939 propositum
2310 2885 2388 2929 est

1307 2967 1614 3012 promovere
1645 2967 1796 2998 usum
1837 2955 2171 2999 comburendi
2209 2953 2379 2998 homi-

1313 3039 1439 3071 num
1458 3026 1760 3071 cadavera?
1780 3026 1826 3067 3⁰
1845 3027 1918 3069 An
1942 3024 2135 3069 licitum
2152 3025 2224 3068 sit
2238 3035 2383 3068 man·

1314 3101 1459 3150 aare,
1512 3101 1572 3141 ut
1621 3109 1719 3140 sua
1774 3098 2066 3142 aliorumve
2117 3098 2384 3142 cadavera

1313 3168 1729 3214 comburantur?
1753 3166 1804 3210 111
1828 3167 1909 3211 fer.
1932 3165 2012 3217 IV,
2041 3166 2091 3208 19
2109 3165 2227 3211 Maii
2254 3165 2382 3211 1886.

1315 3242 1387 3284 Ad
1415 3239 1454 3281 l⁰
1472 3236 1727 3297 respondit
1747 3239 2025 3295 Neyvici‘ve:
2050 3242 2097 3284 et
2119 3239 2165 3282 si
2187 3241 2385 3293 ayalur

1313 3314 1376 3356 de
1407 3311 1738 3355 societatibus
1776 3311 2096 3354 mass-aniene
2121 3314 2292 3354 sectae
2323 3308 2383 3366 fl·

1315 3383 1487 3425 lictbus
1520 3380 1677 3440 (quod
1718 3393 1777 3424 ex
1825 3379 1977 3425 dictis
2019 3378 2237 3424 dubitari
2285 3389 2384 3423 non

1316 3455 1499 3510 potest)
1536 3453 1740 3495 incurri
1767 3463 1965 3507 poenas
1987 3457 2171 3495 contra
2195 3448 2286 3495 eas
2307 3449 2384 3494 la-

1318 3528 1400 3567 tas
1434 3522 1584 3575 (idest
1617 3522 1978 3566 excommunic.
2008 3520 2048 3566 R
2090 3520 2136 3564 P.
2169 3519 2386 3573 reserv.).

1315 3593 1392 3638 Ad
1436 3594 1484 3635 2·
1535 3594 1793 3648 Neyative.
1846 3592 1909 3636 Et
1958 3591 2041 3636 SS.
2088 3590 2143 3635 D.
2187 3589 2242 3635 N.
2291 3589 2380 3635 PP.

1316 3662 1415 3707 Leo
1440 3663 1562 3707 Xlll-
1590 3676 1887 3722 responsum
1921 3662 2017 3707 EE.
2059 3661 2160 3706 ΡΡ..
2194 3660 2380 3706 nedum

1315 3734 1647 3787 confirmavit,
1681 3733 1770 3778 sed
1802 3738 2060 3792 praeterea
2087 3732 2262 3792 jussit,
2294 3744 2385 3791 per
