2548 4042
186 15 291 72 286
424 34 550 72 rias
583 33 739 73 ram
759 44 786 57 -
809 33 1179 75 musmonem
1199 44 1224 59 ·
1244 32 1419 73 mor.
1454 7 1527 72 vi.
1543 12 1611 72 ι’)ἰ
1641 0 1834 72 musis·
1853 17 1921 74 ini
1952 29 1997 62 *ff
2400 86 2405 90 .
2496 75 2514 94 „

190 132 344 187 quae
370 132 577 186 nempe
601 114 877 172 violatam
906 116 1162 188 alicujus
1185 114 1315 187 (seu
1342 129 1658 187 expressae
1675 130 1794 172 seu
1821 115 2064 190 tacitae)
2094 98 2425 195 sponsioni
2426 134 2522 197 ff-

191 222 297 260 seu
341 205 627 274 publicae,
670 220 775 260 seu
818 204 1101 276 privatae,
1142 206 1316 261 fldem
1355 205 1664 261 vindicant
1694 205 1787 278 (9).
2384 195 2545 282 ''12³³ss

263 295 392 350 302.
425 295 509 348 Ex
537 295 768 364 objecto
794 301 935 350 sunt
977 295 1071 350 vel
1114 294 1484 365 temporales,
1525 295 1621 350 vel
1661 294 2018 366 spirituales.
2050 293 2426 366 Temporales

197 398 348 454 quae
392 385 667 438 bonorum
698 385 1106 455 temporalium
1150 384 1400 453 irrogari
1441 383 1655 447 solent:
1698 388 1762 440 ut
1807 389 1944 455 puta
1985 385 2300 456 publicatio
2328 384 2423 441 bo-

196 488 419 533 norum.
450 474 711 536 exilium,
742 474 1003 528 vincula:
1039 474 1376 543 spirituales
1417 474 1629 544 quibus
1663 474 1946 530 adimitur
1984 474 2208 545 aliquid
2250 475 2424 529 bono·

196 578 339 625 rum,
370 563 462 617 vel
486 564 710 631 jurium
739 563 1158 632 spiritualium;
1189 578 1399 632 nempe
1425 579 1694 628 censurae,
1721 567 2080 634 suspensiones
2107 578 2260 633 quae
2288 576 2425 620 cen·

197 667 369 707 surae
411 668 522 705 non
563 658 721 715 sunt,
752 655 1006 722 depositio.
1037 653 1140 707 His
1167 653 1458 707 accedunt
1486 655 1902 722 irreyularitates
1939 670 2003 707 eso
2043 655 2240 708 delicto.
2269 651 2428 717 Quas

190 756 391 796 omnes
428 742 631 796 sedulo
659 742 1045 811 distinguere,
1081 745 1141 797 et
1183 741 1432 797 invicem
1473 756 1785 797 secernere
1826 742 2284 812 diligentissime
2323 755 2426 799 ne·

192 845 356 885 cesse
402 835 515 894 est;
561 847 693 886 nam
723 846 966 901 quorum
996 833 1232 887 nomina
1262 832 1478 901 injure
1507 832 1742 887 diversa
1770 837 1925 898 sunt,
1954 847 2157 887 earum
2193 846 2308 888 non
2334 833 2429 889 est

193 921 396 977 eadem
427 922 516 975 vis
544 925 605 976 et
648 924 906 992 potestas
932 920 1069 993 (10);
1100 939 1170 978 ac
1201 923 1445 993 proinde
1475 924 1627 992 quod
1671 938 1788 977 una
1829 937 2030 977 earum
2069 923 2332 993 praestat
2369 920 2430 976 vi

192 1026 318 1074 sua,
346 1018 406 1065 et
436 1026 541 1081 per
579 1027 661 1074 se,
703 1011 822 1066 alia
865 1018 1166 1081 praestare
1211 1013 1414 1082 nequit
1458 1012 1568 1066 uisi
1616 1027 1717 1081 per
1757 1027 2140 1082 consequens,
2183 1011 2278 1068 vel
2323 1024 2428 1082 per·

190 1100 489 1156 accidens:
533 1117 646 1171 quo
687 1101 745 1155 in
789 1102 1052 1170 negociO,
1102 1102 1409 1172 plerosque
1452 1118 1526 1157 ex
1567 1100 1793 1156 Nostris
1820 1108 1881 1157 et
1908 1099 2237 1157 Canonistis
2275 1099 2433 1156 haud

196 1190 438 1244 nimium
467 1190 749 1244 sollicitos
792 1190 971 1246 fuisse
1000 1191 1315 1246 dolendum
1345 1196 1452 1246 est.
1497 1192 1756 1262 Denique
1799 1193 1911 1246 huc
1953 1191 2223 1246 recidunt
2264 1189 2432 1260 leges

195 1279 658 1342 iiihabilitante8‚
687 1280 782 1334 vel
815 1280 1119 1335 irritantes
1134 1282 1225 1350 (ἓὲ
1241 1283 1368 1344 209,
1393 1280 1551 1353 etc),
1575 1296 1727 1352 quae
1752 1282 1808 1335 in
1832 1281 2026 1336 odium
2047 1281 2301 1352 alicujus
2323 1281 2430 1335 cri-

195 1369 370 1423 minis
398 1373 658 1423 statutae
685 1373 840 1424 sunt.
865 1370 953 1423 Ad
984 1369 1270 1433 ultimum,
1300 1386 1706 1441 quaecumque
1739 1371 1875 1426 illae
1904 1371 2041 1434 sint,
2069 1371 2117 1426 si
2149 1368 2434 1442 ejusmodi

196 1466 351 1522 sunt,
393 1474 544 1529 quae
583 1459 780 1513 animo
820 1460 1221 1530 delinquentis
1260 1460 1430 1515 facile
1458 1475 1768 1515 occurrere
1795 1460 2137 1530 potuissent,
2181 1459 2266 1515 uti
2306 1459 2438 1515 vin·

198 1548 349 1612 cula,
391 1551 718 1616 ordinariae,-
760 1564 932 1604 secus
971 1551 1423 1603 extraordinarias
1462 1565 1499 1604 a
1540 1549 1761 1603 Nostris
1801 1549 1914 1604 dici
1959 1549 2150 1604 solent
2187 1548 2321 1622 (11).

267 1639 392 1693 303.
423 1639 683 1709 Denique
706 1655 835 1694 cum
859 1640 1046 1693 omnis
1070 1654 1257 1708 poena
1279 1641 1508 1707 spectet
1529 1639 1602 1692 ad
1626 1639 1792 1708 leges
1816 1639 2066 1694 tuendas
2091 1638 2148 1711 (ἓ
2176 1636 2297 1703 164,
2318 1636 2434 1711 26),

194 1730 345 1799 quod
388 1729 771 1797 magistratus
811 1729 1066 1783 officium
1109 1734 1197 1783 est
1238 1727 1367 1801 (12),
1412 1744 1660 1798 cumque
1702 1732 1909 1799 suapte
1953 1732 2184 1793 natura,
2218 1745 2331 1784 non
2373 1729 2435 1784 in

2528 378 2548 478 ἓ

2542 485 2548 510 ἑ

2531 516 2542 526 4

2537 559 2548 572 1

257 1983 285 2025 9
307 1982 414 2027 Hoc
438 1989 493 2026 ut
518 1983 667 2041 probe
687 1982 1006 2043 intelligatur
1030 1984 1092 2029 ab
1114 1984 1260 2029 initio

199 2052 420 2113 petenda
444 2067 522 2098 res
554 2059 644 2099 est.
674 2054 837 2099 Poena
863 2055 1262 2100 conventionalis

202 2123 390 2169 dicitur
420 2135 549 2182 quae
582 2138 642 2168 ex
680 2130 940 2170 contractu
980 2125 1148 2186 aliquo
1182 2126 1263 2171 de-

199 2194 361 2247 betur,
395 2200 485 2239 aut
518 2209 579 2239 ex
613 2198 762 2255 quasi
787 2200 1049 2243 contractu
1092 2202 1120 2249 ,ξ
1144 2198 1265 2244 Poe-

196 2279 300 2311 nae
336 2278 536 2323 quoque
572 2267 645 2311 36.
682 2269 747 2314 De
782 2270 951 2324 Leyae.
997 2267 1049 2312 L.
1083 2267 1177 2313 Un.
1212 2269 1263 2316 C.

207 2334 283 2384 De'
309 2340 392 2383 his
425 2351 559 2395 quae
574 2351 723 2395 poen.
748 2352 882 2384 nom.
911 2338 1055 2385 Suar.
1085 2343 1156 2387 De
1177 2342 1267 2386 Le-

195 2410 294 2465 ρίὀ.
328 2409 385 2462 V,
418 2412 460 2461 7,
504 2410 567 2460 10,
601 2415 730 2459 cte).
764 2410 841 2455 Ex
876 2414 1138 2456 contractu
1173 2425 1263 2455 ex·

198 2493 389 2539 presso,
413 2481 537 2524 utin
553 2481 685 2525 votis
704 2481 1022 2540 poenalibus:
1045 2495 1102 2526 ex
1120 2483 1267 2542 quasi

201 2555 479 2601 contractu,
502 2555 625 2610 puta
650 2554 693 2596 si
730 2556 941 2597 testator
959 2553 1149 2613 aliquid
1185 2553 1269 2598 he·

199 2620 307 2666 redi
350 2620 622 2679 reliquerit,
658 2627 714 2666 ut
747 2622 939 2681 aliquid
979 2623 1144 2676 faeiat,
1180 2628 1270 2669 aut

205 2706 303 2737 non
337 2692 504 2746 faciat,
540 2692 735 2753 adJeeta
767 2707 928 2752 poena
952 2695 995 2738 si
1019 2708 1165 2739 secus
1195 2696 1266 2739 fe·

200 2765 325 2808 cerit
359 2763 475 2820 (cit.
501 2767 528 2816 g
552 2765 608 2808 30
632 2767 682 2808 et
707 2763 762 2809 L.
790 2766 843 2819 1).
880 2764 935 2807 ln
965 2764 1270 2810 alterutrum

199 2833 430 2879 recidunt
463 2847 592 2893 quae
626 2834 779 2880 tacite
811 2834 1186 2880 contrahuntur
1220 2838 1272 2880 in

205 2918 411 2949 munere
424 2905 929 2966 aliquosuscipiendo
946 2906 1019 2962 (V.
1033 2907 1273 2953 Thesaur.

202 2974 310 3019 Par.
335 2974 371 3028 I,
397 2976 516 3035 Cap.
540 2977 611 3031 32,
636 2989 720 3036 qu.
750 2979 805 3027 l).
833 2978 1058 3034 Quarum
1083 2978 1274 3038 duplex

201 3058 364 3102 genus
408 3046 832 3105 distinguendum
887 3053 987 3103 est;
1033 3062 1149 3094 nam
1196 3049 1275 3094 vel

201 3114 384 3159 damno
421 3130 510 3161 nos
545 3117 769 3162 afficiunt
811 3132 917 3164 rem
951 3121 1114 3178 ipsam
1162 3119 1271 3164 adi·

208 3184 404 3238 mendo,
427 3200 468 3229 v.
488 3201 527 3231 e.
553 3189 849 3234 beneficium
874 3190 1158 3247 parochiale
1178 3203 1275 3235 non

208 3257 496 3300 ascendenti
543 3259 675 3303 intra
719 3274 907 3305 annum
943 3260 1005 3304 ad
1050 3260 1275 3306 ordinem

211 3325 591 3384 presbyteratus
626 3330 697 3377 ‹C.
727 3331 794 3376 14.
829 3332 902 3377 De
923 3332 1076 3377 Elect.
1110 3334 1161 3376 in
1184 3333 1274 3387 6⁰)z

206 3398 555 3456 episcopatum
590 3401 634 3443 ei
668 3402 755 3458 qui
790 3403 924 3447 intra
956 3416 1044 3447 sex
1077 3416 1277 3447 menses

211 3481 311 3512 non
342 3470 525 3527 recipit
566 3474 995 3518 consecrationem
1037 3473 1275 3530 <Trident.

210 3537 391 3592 XXIII,
427 3539 479 3584 R.
519 3540 589 3596 2):
640 3541 719 3586 vel
752 3542 920 3601 aliquo
955 3544 1092 3588 velut
1137 3546 1279 3589 lucro

207 3624 299 3655 nos
333 3611 610 3669 prohibent⁷
652 3618 712 3656 ut
745 3626 856 3658 ecce
890 3627 1018 3673 quae
1047 3615 1279 3659 adimunt

209 3682 595 3728 distributiones
657 3683 980 3741 quotidianas
1043 3687 1127 3737 eis,
1190 3685 1279 3743 qui

1365 1982 1515 2029 choro
1547 1998 1647 2029 non
1690 1985 1947 2029 intersunt
1981 1984 2221 2038 (Trident.
2254 1983 2435 2039 XXIV,

1365 2054 1422 2099 R.
1444 2055 1528 2108 12),
1552 2054 1748 2100 fructus
1767 2054 2062 2100 beneficiato
2081 2068 2177 2100 non
2201 2055 2438 2102 recitanti

1366 2128 1516 2171 horas
1567 2128 1836 2171 canonicas
1885 2125 1954 2183 (S.
1990 2126 2109 2170 Pius
2155 2125 2211 2173 V.
2250 2123 2306 2173 C.
2354 2127 2440 2173 Εω

1359 2199 1629 2253 proximo)
1664 2196 1853 2242 Poenae
1872 2196 2165 2257 hujusmodi
2185 2201 2234 2243 et
2251 2210 2439 2258 poenae

1367 2272 1416 2313 et
1465 2269 1599 2327 pacti
1648 2267 1830 2312 liabent
1874 2268 2083 2329 aliquid,
2129 2272 2280 2328 atque
2326 2268 2439 2316 idco

1368 2339 1759 2399 utriusquejure
1783 2339 2040 2384 aestimari
2060 2338 2257 2388 debent.
2280 2344 2443 2396 Quae·

1369 2411 1528 2455 situm
1561 2416 1658 2465 est,
1690 2411 1792 2455 utri
1830 2412 2039 2469 propius
2080 2411 2345 2456 accedant:
2390 2412 2442 2456 et

1369 2493 1495 2538 quae
1529 2484 1722 2526 damno
1766 2494 1858 2525 nos
1905 2481 2129 2526 afficiunt
2166 2480 2264 2533 illi;
2309 2493 2440 2542 quae

1371 2554 1513 2597 lucro
1540 2565 1633 2597 nos
1662 2551 1941 2611 prohibent,
1964 2551 2085 2597 huic
2108 2553 2272 2611 magis
2295 2563 2439 2598 acce·

1373 2622 1488 2668 dere
1534 2623 1772 2668 videntur
1810 2622 1907 2678 (Cf.
1952 2622 2093 2669 Less.
2126 2622 2187 2676 11,
2221 2623 2295 2678 34,
2341 2621 2461 2674 101„
2526 2623 2548 2680 i:

1373 2693 1514 2738 Suar.
1550 2693 1581 2737 l.
1621 2707 1660 2739 c.
1702 2707 1747 2738 n.
1789 2695 1863 2748 8):
1908 2693 2086 2740 subest
2122 2694 2255 2739 enim
2293 2691 2444 2755 quasi
2527 2691 2533 2714 ³

1373 2768 1666 2809 contractus
1717 2765 2066 2810 innominatus
2112 2788 2135 2800 -

1372 2834 1575 2891 facias).
1601 2834 1769 2879 Nostri
1793 2834 2090 2894 plerumque
2116 2847 2202 2880 eas
2234 2833 2445 2880 confun-

1374 2905 1505 2949 dunt
1536 2918 1650 2950 cum
1685 2907 1859 2964 poenis
1892 2904 2337 2950 inhabilitantibus
2360 2902 2442 2964 (V.

1376 2974 1527 3020 Salm.
1552 2975 1610 3028 X,
1634 2975 1676 3026 2,
1700 2976 1770 3020 62.
1796 2975 1843 3019 S.
1869 2973 2016 3033 Alph.
2054 2974 2088 3028 1,
2118 2975 2236 3030 149).

1444 3047 1493 3090 10
1527 3048 1600 3091 Ex
1637 3046 1689 3091 L.
1725 3048 1768 3091 7.
1800 3045 1852 3093 C.
1882 3050 1953 3091 De
1973 3047 2103 3093 Jure
2141 3047 2366 3092 codicill.

1443 3119 1455 3161 l
1475 3119 1489 3161 1
1511 3118 1560 3163 S.
1580 3116 1732 3176 Alph.
1750 3116 2115 3170 V1‚1074;V11‚
2135 3117 2238 3164 351.
2259 3116 2443 3179 Injure

1377 3202 1541 3247 poena
1575 3191 2017 3234 extraordinaria
2061 3189 2333 3248 opponitur
2369 3190 2439 3235 le-

1373 3262 1593 3316 yz‘timae
1625 3259 1700 3309 tL.
1733 3261 1765 3303 1.
1800 3259 1853 3307 C.
1888 3260 1979 3305 Ubi
2003 3263 2074 3306 De
2101 3261 2312 3309 Crimin.
2345 3259 2445 3306 En-

1377 3330 1471 3389 gel.
1496 3329 1552 3384 V,
1578 3332 1650 3383 37,
1668 3331 1740 3387 2);
1765 3330 1995 3389 legitima
2027 3329 2216 3375 dicitur
2235 3342 2364 3389 quae
2389 3330 2444 3376 in

1378 3401 1488 3460 Iege
1522 3404 1718 3447 statuta
1750 3407 1843 3453 est,
1878 3400 2280 3446 extraordinaria
2314 3411 2445 3460 quae

1381 3471 1623 3516 definitur
1661 3470 1864 3517 arbitrio
1901 3470 2108 3529 Judicis‚
2151 3471 2443 3516 arbitraria

1379 3541 1565 3587 idcirco
1600 3541 1855 3601 appellata
1886 3543 1935 3598 (g
1966 3540 2067 3594 298,
2100 3540 2193 3596 22).

1450 3613 1499 3656 12
1531 3612 1608 3656 Ex
1642 3613 1694 3659 C.
1729 3612 1802 3666 21,
1827 3613 1878 3656 in
1900 3611 1950 3657 fl.
1980 3613 2050 3658 De
2079 3612 2365 3668 Jurepatr.
2385 3607 2444 3655 D.

1380 3683 1500 3728 Tho.
1532 3684 1580 3738 2,
1608 3683 1652 3736 2,
1683 3682 1757 3728 62.
1789 3683 1831 3728 3.

2181 2765 2335 2818 (dabo
2385 2767 2444 2810 ut

2542 3582 2548 3589 .

2539 3722 2548 3729 i

2511 3747 2514 3749 Δ
2535 3774 2548 3791 .:

2294 3840 2298 3841 ⁷
2522 3805 2548 3838 «Ξ

2496 3931 2511 3942 Α,

2368 4016 2370 4018 ·
2410 4010 2443 4027 *f
2460 3852 2548 4042 {A
