2554 4004
178 0 245 79 40
598 38 723 78 rus
758 37 912 77 mun
934 48 958 62 ·
980 34 1348 77 messenum
1369 46 1395 61 -
1414 0 1588 76 ram.
1610 33 1644 75 ι.
1655 0 1738 76 ns
1732 0 2074 78 ressonis-²
2116 15 2117 18 ’
2284 19 2299 40 ”’
2335 27 2369 44 ··

2393 27 2459 58 stc*-

2446 67 2506 82 ..v

2516 92 2554 137 Ὢ

2525 138 2541 162 ,⁸

177 125 459 195 deinceps
498 122 744 179 effectus
772 122 919 184 eius,
949 120 1106 177 idest
1133 120 1236 190 ‚ius
1262 121 1325 176 et
1351 118 1652 190 obligatio,
1680 133 1834 191 quae
1869 134 1945 177 ex
1972 134 2047 178 ea
2071 80 2417 181 consistunt
2465 150 2470 163 ·
2539 180 2554 203 ,1

178 217 491 270 revocatur
513 211 650 283 (33):
684 211 835 280 quod
879 209 1053 264 velim
1099 222 1173 264 ne
1216 207 2554 264 excidat..

251 304 338 356 43.
370 302 568 355 Modus
610 304 699 354 est
730 329 804 340 —
831 299 1060 352 Adiectio
1085 314 1188 366 qua
1215 300 1262 350 is
1287 299 1380 366 qm·
1414 298 1617 367 aliquid
1641 299 1734 352 dat
1757 296 2082 368 (promittit,
2112 299 2416 375 relinquit)
2510 300 2515 301 ⁷
2545 311 2554 324 ‘

175 394 490 444 donioristrat
516 391 641 459 quid
665 389 994 454 exindefleri
1015 388 1139 441 velit
1154 384 1287 457 (34).
1310 386 1646 440 Adiieitur
1631 402 1691 440 ln
1714 388 2077 444 commodum
2106 389 2199 445 vel
2231 389 2416 460 ipsius

174 480 385 542 dantis,
417 480 508 534 vel
544 478 905 548 accipientis
928 476 1023 532 vel
1053 475 1212 532 tertii
1246 474 1377 547 (35).
1410 475 1509 530 Est
1537 475 1747 531 adfinis
1775 477 2113 543 conditioni,
2144 482 2204 535 et
2234 479 2416 536 inter·

174 570 310 622 dum
353 566 700 621 conditionis
742 566 953 628 verbis,
982 568 1087 620 aut
1129 565 1362 619 nomine
1402 565 1775 633 significatur
1799 567 1925 638 (36).
1956 567 2029 622 Et
2056 573 2308 638 excepta
2344 584 2416 626 ea

175 672 325 727 quae
367 657 644 710 adiicitur
685 655 742 710 in
785 654 1144 709 commodum
1187 654 1551 723 accipientis,
1583 669 1759 725 prope
1789 656 2139 712 conditionis
2168 658 2285 712 vim
2317 659 2415 714 ha-

177 750 274 802 bet
297 744 442 818 (37):
475 746 694 801 etenim
737 746 794 799 in
840 760 910 800 eo
948 744 1134 799 solum
1164 743 1344 797 distat
1382 758 1419 797 a
1460 743 1810 807 conditione,
1841 746 1991 815 quod
2024 747 2169 802 haec
2196 750 2411 812 actum,

173 839 234 890 et
263 835 436 891 dandi
480 836 902 903 obligationem
944 833 1267 904 suspendit,
1294 833 1496 887 modus
1538 848 1653 886 non
1698 832 1835 888 item
1866 834 1998 904 (38).

171 1026 230 1059 ea
260 1011 370 1072 lege
405 1014 463 1058 ut
496 1017 618 1057 rata
650 1014 801 1071 fiant,
835 1010 1040 1056 domum
1067 1008 1237 1054 vendi·

169 1083 323 1137 deris,
346 1087 403 1128 ut
424 1084 525 1142 fiat
556 1087 742 1140 empta,
779 1081 823 1127 si
862 1082 1006 1127 navis
1032 1092 1092 1123 ex
1116 1078 1241 1124 Asia

171 1155 387 1208 venerit;
422 1154 540 1200 navi
575 1153 803 1213 appulsa,
843 1151 978 1197 illico
1017 1150 1241 1195 exoritur

173 1238 219 1284 p.
270 1225 318 1271 h.
358 1225 791 1285 impedimentum,
839 1222 1123 1269 dominium
1169 1219 1239 1264 rei

175 1294 407 1341 venditae
441 1296 673 1355 protinus
707 1295 758 1339 in
792 1297 1069 1353 emptorem
1092 1294 1234 1337 tran·

171 1368 257 1422 sit,
278 1371 328 1412 et
351 1366 556 1426 perinde
589 1365 817 1418 habetur,
851 1377 908 1411 ac
933 1364 977 1409 si
1009 1362 1070 1409 ab
1096 1362 1240 1408 initio

171 1450 296 1497 pure
328 1441 499 1497 empta
530 1436 740 1493 fuisset3
764 1435 975 1494 ideoque
1002 1436 1045 1481 si
1073 1433 1238 1479 medio

172 1513 396 1568 tempore
432 1507 606 1554 melior
625 1511 714 1552 aut
742 1506 959 1551 deterior
981 1506 1052 1551 sit
1079 1505 1238 1561 faeta;

172 1579 217 1626 si
243 1579 461 1638 pretium
495 1579 603 1623 eius
636 1577 863 1630 creverit,
895 1576 974 1622 vel
1006 1575 1238 1622 deereve-

174 1650 263 1706 rit;
289 1653 451 1695 totum
486 1648 641 1699 luero,
666 1647 744 1693 vel
777 1647 962 1694 damno
995 1647 1239 1707 emptoris

171 1720 304 1766 cedit
323 1719 397 1767 ὡ.
418 1721 460 1776 8,
482 1721 509 1778 g
534 1721 687 1766 Sane.
709 1720 783 1766 De
801 1720 967 1766 Peric.
981 1723 1031 1766 et
1051 1722 1240 1765 Comm.

173 1792 226 1836 R.
257 1792 303 1836 V.
327 1791 379 1838 C.
397 1792 451 1836 It.
482 1791 606 1836 1163.
630 1791 800 1839 Contr.
820 1790 873 1840 C.
892 1791 951 1837 G.
974 1791 1126 1846 1182).
1146 1789 1243 1835 Ve-

170 1874 284 1906 rum
318 1861 442 1907 haec
476 1865 724 1920 potestate
757 1864 807 1906 et
849 1861 1051 1907 fictione
1083 1861 1238 1915 iuris3

170 1934 356 1976 natura
388 1932 522 1977 enim
552 1937 674 1977 tunc
697 1935 986 1977 contractus
1015 1931 1122 1976 fieri
1156 1933 1235 1977 in-

170 2000 423 2061 telligitur
440 2015 553 2048 cum
575 2003 815 2061 impletur
829 2002 1072 2047 conditio:
1088 2006 1238 2062 atque

170 2069 282 2117 ideo
314 2072 359 2117 si
392 2075 512 2118 tune
545 2072 676 2118 nihil
714 2073 850 2118 desit
888 2086 1078 2127 eorum,
1111 2086 1240 2132 quae

171 2141 236 2186 ad
270 2145 439 2187 actum
472 2142 751 2188 ineundum
785 2146 908 2188 sunt
938 2145 1239 2190 necessaria.

171 2211 306 2256 Belle
325 2212 495 2258 Bartol
518 2213 570 2257 in
590 2214 642 2259 L.
665 2214 720 2258 Si
741 2215 788 2258 is
803 2217 897 2271 qui
921 2239 939 2248 -
954 2215 1029 2261 De
1050 2215 1241 2260 Ustican

161 2284 318 2339 pion·
335 2284 620 2340 Dispositio
640 2286 767 2341 lepis
782 2298 919 2342 quae
935 2288 1242 2332 retrotrahi-

173 2358 260 2398 tur
282 2355 446 2410 exiqit
463 2357 744 2400 terminum
761 2356 981 2401 habilem
1001 2370 1034 2402 A
1054 2368 1153 2406 Quo
1173 2368 1238 2402 ΕΤ

173 2435 239 2467 AD
264 2435 422 2473 QUEM.
447 2425 616 2484 Itaque
649 2426 693 2469 si
730 2425 892 2471 medio
912 2430 1134 2485 tempore
1158 2440 1239 2473 res

170 2493 233 2539 ad
253 2488 366 2539 euni
387 2508 559 2540 casum
581 2495 853 2549 devenerit,
872 2510 1012 2556 aquo
1034 2498 1239 2543 initium

171 2563 352 2610 habere
387 2579 484 2611 non
517 2568 783 2625 potuisset,
817 2569 876 2621 si,
902 2582 1018 2622 v.c.,
1052 2583 1239 2628 sponsa

172 2634 257 2679 alii
311 2638 542 2695 nupserit
579 2662 598 2671 -
642 2638 823 2684 domus
879 2642 1232 2685 terremomotu

172 2707 430 2760 corruerit,
463 2719 552 2752 nee
578 2708 836 2766 sponsalia
865 2709 1237 2769 intelliguntur,

172 2788 262 2820 nec
310 2777 498 2836 emptio
552 2781 601 2822 et
657 2779 878 2824 venditio
935 2780 1049 2827 ‹Cit.
1100 2781 1150 2825 L.
1195 2783 1237 2836 8,

171 2851 203 2898 ἓ
236 2848 423 2902 Plane;
459 2848 510 2892 L.
542 2849 607 2903 11,
634 2850 661 2907 ἓ
690 2851 830 2895 Inde.
855 2851 928 2897 De
961 2853 1073 2896 iure
1105 2855 1237 2907 dot).

171 2915 340 2962 Unum
364 2922 440 2963 est
460 2917 593 2977 quod
614 2933 712 2965 non
732 2919 890 2976 obest,
905 2924 1115 2980 excepto
1135 2935 1239 2968 ma-

173 2988 421 3042 trimonio,
457 2991 499 3033 si
525 2993 581 3034 tu
605 2989 808 3036 interim
844 2994 1123 3038 mutaveris
1157 3006 1238 3038 vo·

172 3058 422 3103 luntatem
442 3059 601 3118 (Lugo
623 3062 695 3107 De
708 3063 904 3109 Poenic.
930 3062 1111 3117 13,383‚
1126 3067 1239 3118 etc.)

172 3128 294 3187 quia
335 3142 482 3175 nemo
513 3136 681 3186 potest
725 3139 930 3180 mutare
965 3135 1239 3180 consilium

174 3212 328 3243 suum
370 3202 425 3244 in
469 3203 688 3247 alterius
720 3206 978 3250 iniuriam
1012 3205 1134 3263 (LL.
1165 3206 1236 3260 36,

172 3271 232 3313 76
252 3273 318 3317 De
331 3272 389 3315 R.
410 3272 501 3326 I.)‚·
526 3271 700 3331 Itaque
724 3275 784 3326 si,
809 3288 849 3318 v.
869 3288 925 3327 c.‚
946 3276 1141 3323 voveris
1160 3291 1238 3323 ca·

172 3341 415 3394 stitatem‚
436 3341 511 3385 vel
533 3342 823 3401 religionem
853 3346 1053 3398 intrare,
1072 3348 1116 3392 si
1145 3347 1240 3393 fra·

172 3415 250 3455 ter
273 3424 479 3457 uxorem
514 3412 729 3466 duxerit,
754 3418 804 3458 et
828 3415 991 3461 medio
1016 3421 1237 3476 tempore

171 3484 522 3528 retractaveris
543 3483 869 3539 voluntatem,
889 3485 1097 3544 impleta
1117 3501 1235 3533 con-

174 3553 379 3606 ditione,
422 3558 595 3600 votum
645 3559 811 3600 ratum
857 3561 935 3602 est
980 3558 1090 3616 ipso
1132 3559 1240 3603 iure

174 3623 338 3683 (Lugo
360 3626 390 3671 l.
415 3639 453 3671 c.
479 3629 528 3670 et
552 3627 626 3672 De
650 3627 816 3671 Instit.
841 3625 911 3671 22.
938 3628 1062 3686 384).

234 3696 292 3740 33
316 3697 368 3741 L.
394 3698 482 3742 ult.
505 3701 572 3744 De
590 3699 732 3743 Pact.
756 3698 807 3742 L.
830 3702 874 3744 7.
898 3698 949 3746 C.
971 3702 1042 3746 De
1067 3700 1241 3747 Ins-tit.

1345 1011 1391 1054 et
1408 1008 1615 1054 Substit.
1630 1006 1834 1054 Scilicet
1852 1009 2009 1056 semel
2028 1022 2115 1069 per
2131 1024 2239 1057 eam
2261 1024 2415 1072 quae·

1342 1078 1500 1123 situm
1537 1078 1632 1133 ius,
1668 1079 1747 1125 vel
1786 1082 2015 1127 extincta
2051 1080 2308 1142 obligatio,
2343 1081 2414 1130 al-

1343 1149 1435 1194 teri
1462 1149 1622 1196 invito
1644 1151 1948 1210 extorqueri,
1970 1152 2161 1211 imponi
2190 1152 2412 1215 amplius

1343 1232 1439 1264 non
1474 1222 1654 1279 potest.
1685 1220 1860 1281 ltaque
1895 1225 2035 1281 patre
2065 1225 2413 1271 consentiente

1342 1290 1419 1347 (V.
1442 1305 1490 1337 n.
1514 1291 1608 1348 29),
1640 1291 1832 1338 frustra
1867 1296 2044 1352 postea
2070 1292 2330 1351 dissentit,
2361 1297 2416 1342 et

1340 1365 1515 1408 contra
1531 1361 1731 1418 (Saneh.
1746 1361 1805 1408 M.
1822 1362 1878 1409 V.
1890 1364 1934 1418 7,
1951 1364 2012 1419 5).
2026 1363 2175 1411 Porro
2193 1365 2413 1413 conditio

1341 1432 1646 1492 exprimitur
1684 1433 1849 1480 verbis
1876 1459 1896 1470 -
1929 1436 1978 1479 si
2001 1458 2023 1471 -
2050 1438 2198 1482 modo
2225 1461 2244 1471 -
2265 1439 2414 1483 dum-

1341 1506 1491 1549 modo
1514 1530 1531 1536 ·
1563 1504 1659 1556 vel,
1690 1517 1753 1549 ex
1787 1504 2085 1551 Nostrorum
2119 1508 2171 1552 et
2202 1506 2414 1555 Canoni-

1342 1577 1537 1620 starum
1577 1576 1844 1628 sententia,
1895 1577 2124 1622 ablativo
2166 1578 2412 1635 absoluto,

1342 1658 1494 1705 quem
1517 1647 1723 1691 vocant:
1757 1644 1847 1691 sed
1880 1644 1974 1692 hoc
1998 1658 2097 1692 non
2131 1650 2212 1693 est
2242 1659 2419 1708 perpe-

1342 1719 1489 1761 tuum
1526 1714 1599 1771 (L.
1641 1715 1739 1773 108,
1774 1717 1849 1763 De
1878 1718 2076 1763 Condit.
2102 1722 2148 1765 et
2178 1721 2413 1778 demoni),

1342 1789 1393 1831 et
1414 1787 1466 1832 in
1486 1785 1568 1831 his
1588 1799 1716 1846 quae
1750 1788 1903 1833 tacite
1938 1788 2116 1834 insunt
2146 1790 2280 1836 nihil
2302 1801 2415 1836 mu-

1344 1861 1433 1902 tat.
1482 1857 1610 1902 Sane
1652 1870 1892 1903 concessa
1929 1858 2308 1918 dispensatione
2347 1859 2413 1908 ad

1346 1931 1488 1973 matr.
1525 1928 1820 1982 ineundum,
1843 1937 2055 1975 servata
2085 1929 2267 1988 forma
2295 1931 2410 1991 Tri-

1343 2000 1566 2053 dentz‘ni,
1582 1997 1887 2045 celebratum
1906 2001 2111 2046 omissis
2136 1994 2414 2060 proclama·

1342 2068 1567 2115 tionibus
1589 2073 1758 2114 ratum
1786 2083 1898 2115 esse
1921 2069 2025 2116 DD.
2056 2074 2229 2118 tenent
2254 2073 2411 2130 (Pyrr.

1341 2140 1543 2188 Corrad.
1569 2141 1644 2188 De
1665 2142 1903 2199 Dispens.
1926 2143 2160 2188 Matrim.
2187 2142 2291 2190 Lib.
2316 2142 2411 2199 VII,

1341 2211 1460 2270 Cap.
1497 2211 1591 2263 VII,
1640 2226 1688 2258 n.
1735 2213 1806 2269 11)
1844 2215 1895 2257 et
1937 2214 2136 2260 censuit
2178 2212 2228 2260 S.
2263 2214 2317 2263 C.
2357 2214 2411 2264 C.

1350 2281 1400 2325 12
1431 2281 1549 2328 Iulii
1589 2282 1715 2328 1721.
1750 2282 2019 2341 (Cavalieri
2054 2285 2150 2331 Rit.
2185 2285 2412 2342 Expem.

1342 2353 1462 2412 Cap.
1498 2353 1557 2406 X,
1588 2367 1637 2400 n.
1664 2355 1711 2399 ll
1743 2356 1816 2402 De
1836 2357 2029 2413 Nupt.).
2054 2354 2155 2401 Nec
2179 2367 2238 2401 ea
2258 2355 2414 2404 verba

1341 2426 1591 2481 imposita
1629 2427 1950 2482 poenitentia
1994 2427 2240 2479 salutari,
2282 2438 2413 2486 quae

1340 2509 1429 2555 pro
1462 2496 1770 2542 incestuosis
1804 2497 2130 2552 adiiciuntur,
2166 2496 2414 2543 conditio·

1341 2579 1454 2611 nem
1477 2567 1636 2613 facere
1658 2570 1832 2612 tenent
1858 2567 1932 2613 De
1954 2568 2079 2614 Iust.
2107 2569 2139 2622 I,
2170 2567 2261 2624 Vn,
2294 2567 2413 2624 2093

1340 2636 1524 2684 Sanch.
1556 2638 1616 2682 M.
1650 2636 1764 2691 VIII,
1796 2637 1871 2692 34,
1904 2638 1976 2683 29.

1399 2706 1458 2750 34
1491 2707 1543 2751 L.
1573 2708 1610 2759 l,
1633 2711 1660 2761 §
1690 2708 1731 2750 ll
1765 2710 1837 2753 De
1867 2710 2022 2754 Conci.
2046 2713 2093 2756 et
2115 2710 2313 2756 demon.

1399 2778 1457 2822 35
1488 2776 1544 2822 V.
1581 2777 1769 2823 Donell.
1806 2778 1927 2831 XIV,
1963 2779 2036 2831 20,
2064 2779 2117 2823 10
2145 2803 2166 2813 ··
2195 2777 2248 2824 V.
2274 2791 2315 2825 e.
2353 2778 2410 2826 Si

1339 2852 1552 2895 testator
1585 2854 1786 2896 centum
1821 2850 1936 2897 Seio
1975 2851 2108 2910 leget
2134 2876 2155 2886 -
2182 2853 2242 2896 ut
2273 2851 2319 2897 ei
2350 2852 2406 2898 in

1338 2921 1440 2966 foro
1463 2923 1688 2967 statuam
1711 2926 1867 2981 ponat
1892 2947 1913 2956 -
1943 2922 2034 2977 vel,
2061 2925 2115 2967 ut
2138 2922 2220 2967 die
2252 2922 2403 2968 anni-

1338 2993 1562 3038 versaria
1608 2993 1787 3038 mortis
1831 3006 1952 3038 suae
1997 2992 2182 3052 puellis
2227 2994 2400 3052 egenis

1338 3061 1481 3108 dotes
1504 3061 1696 3108 tribuat
1721 3088 1743 3099 -
1771 3063 1865 3119 vel,
1898 3067 1956 3109 ut
1988 3063 2137 3110 Seius
2164 3063 2272 3123 ipse
2298 3065 2397 3110 Ro-

1337 3146 1470 3179 mam
1507 3134 1667 3178 visere
1701 3137 1876 3193 possit.

1399 3205 1458 3249 36
1477 3204 1528 3249 L.
1555 3205 1597 3251 5.
1622 3205 1676 3253 C.
1700 3205 1775 3252 De
1795 3207 1904 3252 Rer.
1933 3208 2150 3262 permut.
2184 3204 2238 3252 C.
2267 3204 2312 3260 2,
2334 3205 2410 3252 De

1345 3277 1543 3321 Condit.
1565 3286 1742 3332 appos.

1399 3346 1457 3390 37
1492 3345 1545 3391 L.
1579 3346 1638 3389 28
1677 3347 1745 3390 De
1789 3347 1978 3391 Condit.
2026 3347 2082 3390 ob
2121 3359 2264 3392 caus.
2303 3348 2411 3392 dat.

1339 3417 1415 3462 Ex
1442 3415 1498 3462 L.
1524 3415 1588 3460 10.
1614 3415 1665 3463 C.
1693 3416 1768 3461 De
1800 3417 1942 3461 Pact.
1978 3415 2030 3460 L.
2067 3417 2103 3462 l.
2137 3416 2190 3464 C.
2220 3416 2295 3462 De
2324 3417 2410 3462 his

1340 3500 1472 3545 quae
1490 3489 1582 3532 sub
1602 3490 1762 3532 modo.
1784 3485 1966 3532 Sanch.
1990 3486 2054 3531 M.
2081 3484 2138 3540 V,
2166 3487 2233 3540 19,
2251 3487 2295 3541 4,
2313 3488 2406 3532 etc.

1401 3558 1458 3604 38
1478 3556 1533 3601 V.
1557 3556 1612 3602 L.
1631 3557 1690 3601 70
1706 3570 1779 3617 pr.
1801 3558 1873 3603 De
1893 3559 2038 3604 cond.
2060 3558 2270 3603 Demon.
2292 3554 2348 3603 L.
2363 3555 2412 3611 2,

1340 3632 1369 3682 ἓ
1394 3629 1482 3674 ult.
1510 3629 1585 3675 De
1607 3631 1791 3674 Donat.
