2548 4042
221 9 320 65 384
458 27 582 66 mas
618 26 771 66 amn
793 39 817 51 -
843 28 1211 69 »actaeonem
1234 42 1258 55 ·
1278 29 1465 72 rator.
1490 31 1554 72 vu
1579 0 1658 76 ms
1676 7 1854 76 Ponitis
1889 0 2221 80 §vambai-
2232 0 2317 74 *5⁶⁵-

619 241 1272 287 EXCOMMUNICATIONES
1314 248 1365 288 L.
1396 247 1441 289 S.
1473 247 1724 291 ROMANO
1762 251 2059 297 PONTIFICI

914 333 1296 376 SIMPLICITER
1340 336 1767 381 RESERVATAE.

290 496 416 550 391.
450 515 477 546 ‹<
511 496 574 550 1⁰.
607 499 892 552 Docentes
923 500 1013 554 vel
1045 500 1449 566 defendentes,
1473 503 1598 557 sive
1623 505 1850 572 publice
1873 507 1998 563 sive
2029 511 2299 586 privatim
2329 527 2454 584 pro·
2534 488 2548 522 ’Ξ

217 604 244 633 ‹
280 584 593 653 positiones
632 588 706 640 al)
750 589 1084 656 Apostolica
1131 590 1279 645 Sede
1327 591 1634 647 damnatas
1683 595 1790 648 sub
1833 595 2454 658 excommunicationis

216 694 244 724 ‹
281 690 462 744 poena
504 677 660 732 latae
702 679 1062 742 sententiae;
1096 680 1235 734 item
1279 680 1560 735 docentes
1605 684 1696 738 vel
1740 684 2126 743 defendentes
2153 692 2453 762 tamquam

217 764 501 819 «licitam
550 767 774 835 praxim
818 768 1151 838 inquirendi
1193 787 1228 823 a
1279 771 1619 839 poenitente
1672 788 1880 828 nomen
1923 777 2238 846 complicis,
2286 785 2453 851 prout.

215 872 244 903 ‹
275 853 549 909 damnata
591 860 683 910 est
709 873 743 910 a
775 859 909 912 Ben.
942 858 1094 920 XIV,
1128 860 1184 914 in
1219 861 1406 915 Cmst.
1446 861 1701 930 Suprema
1730 864 1763 916 7
1804 864 1940 918 Julii
1991 867 2132 922 1745
2171 871 2232 924 et
2259 867 2314 923 C.
2351 865 2459 924 Ubi

217 964 244 992 «
274 947 502 1011 primumi
530 947 564 999 2
592 948 724 1000 Julii
764 950 924 1011 1746,
953 953 1011 1003 et
1052 949 1109 1002 C.
1139 951 1225 1002 Aa
1260 951 1628 1003 eradicandam
1657 953 1727 1006 28
1757 953 1910 1022 Sept.
1942 956 2080 1011 1746
2105 955 2199 1029 (l).
2222 958 2297 1013 2⁰.
2322 958 2454 1015 Vio-

211 1145 355 1203 gravi
380 1145 698 1192 incommodo
722 1147 952 1194 deserere
974 1150 1279 1208 potuissent.

215 1215 418 1261 Praeter
451 1218 538 1262 hos
564 1218 728 1264 favere
753 1220 1091 1266 retinentibus
1126 1221 1277 1266 intel-

213 1285 456 1343 liguntur,
475 1289 562 1346 qui
580 1292 888 1346 proximam
909 1290 1055 1346 (alias
1078 1291 1279 1337 infinita

214 1355 368 1416 hujus
414 1359 481 1402 rei
527 1361 815 1406 aestimatio
859 1362 971 1412 erit)
1013 1363 1084 1407 eis
1124 1363 1184 1407 ad
1230 1362 1279 1406 id

212 1440 413 1485 operam
450 1434 729 1487 praestant,
760 1435 899 1490 puta,
938 1434 1165 1492 pecunia,
1199 1432 1283 1478 de·

211 1497 501 1551 lationibus,
536 1503 757 1561 scriptis,
786 1504 1026 1553 consiliis.
1053 1508 1146 1551 etc.
1170 1530 1191 1540 -
1216 1508 1282 1551 At

212 1570 298 1628 qui
331 1573 668 1629 usurpatoris,
710 1573 789 1619 vel
823 1575 1074 1621 invasoris
1109 1580 1279 1636 partes

210 1640 512 1700 simpliciter
550 1648 838 1705 sequuntur
872 1648 1280 1705 (adhaerentes),

215 1711 362 1757 hodie
397 1713 496 1759 huc
533 1727 628 1760 non
661 1718 928 1774 pertinent,
970 1720 1017 1764 C.
1041 1723 1088 1763 Α.
1115 1721 1158 1763 S.
1195 1734 1278 1766 eos

211 1785 446 1839 praeterit
481 1784 685 1840 (Contra
717 1787 769 1833 B.
794 1787 844 1834 C.
879 1793 909 1843 ἓ
943 1789 1036 1848 21).

277 1855 291 1896 l
330 1854 423 1900 Hic
459 1858 596 1902 artic.
634 1858 682 1902 in
718 1858 846 1904 duas
881 1863 1047 1918 partes
1083 1860 1277 1907 diduci-

209 1929 308 1971 tur.
342 1926 516 1973 PRIMA
555 1931 772 1985 pertinet
811 1931 875 1977 ad
909 1933 1278 1992 propositiones

209 1996 500 2044 damnatas:
522 2013 698 2060 nempe
716 2003 727 2045 l
742 2001 775 2046 ⁰.
793 2016 822 2047 a
843 2002 970 2050 Sede
987 2007 1278 2061 Apostolz‘ca

210 2067 342 2113 idest
383 2069 444 2115 ab
483 2071 593 2130 ipso
628 2072 680 2117 R.
720 2073 769 2119 P.
815 2076 864 2119 et
887 2072 948 2118 2⁰.
971 2077 1065 2122 sub
1100 2089 1273 2133 poena

210 2151 460 2186 excomm.
492 2141 521 2186 1.
556 2156 594 2187 s.
629 2143 843 2189 Proinde
888 2146 988 2193 huc
1022 2161 1118 2193 non
1158 2162 1272 2207 per-

209 2211 388 2265 tinent,
415 2214 470 2256 1⁰.
493 2213 761 2260 damnatae
788 2216 848 2261 ab
883 2217 996 2262 aliis
1022 2224 1084 2271 (v.
1110 2233 1149 2265 c.
1172 2219 1275 2264 Wi-

214 2282 356 2337 cleffi‚
388 2289 437 2328 et
470 2284 580 2330 Hns
618 2286 744 2332 diris
787 2287 996 2334 devotae
1038 2291 1088 2334 in
1128 2291 1276 2338 Conc.

207 2352 602 2411 Costansiensil;
627 2371 716 2403 uec
745 2361 927 2412 verius,
955 2374 1015 2405 ex
1040 2361 1101 2405 2⁰.
1123 2362 1270 2406 dam-

210 2430 357 2470 natae
392 2426 452 2469 ab
486 2428 594 2486 ipsa
629 2429 748 2474 sede
783 2433 891 2489 Ap..
924 2431 1015 2476 sed
1048 2445 1146 2476 non
1181 2432 1278 2479 sub

212 2508 372 2553 poena
406 2510 650 2545 excomm.
672 2500 701 2545 l.
736 2514 775 2547 S.
812 2506 887 2554 (ut
919 2516 1031 2547 ecce
1065 2516 1192 2562 quae
1226 2504 1276 2549 in

208 2566 413 2622 Syllabo
458 2569 692 2615 collectae
726 2571 974 2629 fuerunt);
1012 2576 1108 2620 etsi
1152 2576 1274 2621 forte

207 2636 474 2684 damnatae
499 2641 604 2685 sint
627 2642 721 2687 sub
746 2645 935 2702 poenis,
960 2648 1009 2690 et
1035 2651 1275 2693 censuris

208 2709 259 2753 in
297 2708 411 2767 jure
454 2713 705 2757 contentis
756 2714 924 2767 (Croix
971 2715 1009 2769 I,
1053 2718 1153 2762 216.
1198 2718 1272 2765 cl.

210 2779 485 2827 l‘ennacchi
506 2796 550 2841 p.
571 2784 669 2826 461.
693 2784 749 2829 V.
770 2786 796 2842 ἓ
818 2786 920 2840 307,
940 2787 1031 2840 35).
1054 2790 1162 2833 ΗΛΘ
1186 2803 1270 2834 au·

206 2853 306 2895 tem
334 2865 578 2899 excomm.
597 2859 888 2901 coercentur
905 2858 1000 2903 soli
1019 2862 1272 2911 docentes,

208 2923 287 2967 vel
307 2923 637 2980 defendentes
650 2941 670 2977 ‚·
695 2940 793 2973 non
828 2928 946 2972 item
971 2931 1057 2988 qui
1087 2943 1171 2975 eas
1195 2932 1267 2976 af-

212 2993 429 3045 firmant,
453 3001 701 3047 asserunt,
722 3002 914 3053 tenent3
938 3013 1052 3045 nam
1072 3002 1274 3060 quando

209 3062 306 3108 BR.
344 3065 432 3109 PP.
480 3066 570 3112 hos
604 3081 803 3127 quoque
846 3073 1059 3116 coerceri
1095 3072 1273 3117 volunt

207 3134 322 3178 illos
357 3143 618 3183 recensent
651 3141 964 3187 nominatim.

270 3205 424 3251 Venio
458 3209 519 3253 ad
560 3222 818 3257 ALTERAM
867 3217 1075 3271 partem.
1122 3215 1274 3260 Bene·

207 3275 341 3322 dicto
375 3278 501 3323 XIV.
543 3282 591 3325 P.
631 3282 709 3336 M„
747 3285 921 3342 praxis
957 3285 1090 3344 apud
1125 3285 1275 3331 Lusi-

206 3354 355 3395 tanos
380 3351 648 3396 inolescere
673 3358 903 3413 coeperat
922 3355 1219 3415 exquirendi
1245 3370 1274 3401 a

206 3421 582 3479 poenitentibus
610 3437 787 3469 nomen
823 3430 870 3469 et
905 3426 1268 3471 habitationem

207 3492 482 3551 complicis,
509 3492 657 3550 falsa
684 3498 781 3540 zeli
813 3498 1040 3552 imayine
1060 3499 1273 3551 seducti,

210 3570 255 3611 et
285 3569 340 3611 in
378 3567 577 3622 primis
606 3571 979 3622 procurandae
1010 3570 1273 3624 complicis

205 3639 540 3684 correctionis
553 3639 754 3693 qratia.-
773 3651 863 3682 nec
883 3641 1029 3683 modo
1047 3642 1271 3685 suaden-

206 3712 283 3764 do,
315 3721 407 3755 san
430 3710 744 3755 denunciata
780 3719 981 3758 QUOQUE
1006 3711 1111 3754 nisi
1133 3722 1273 3756 reve-

1385 1153 1632 1206 laverint,
1665 1154 2006 1200 absolutionis
2039 1155 2455 1208 Sacramentum
2542 1190 2548 1194 -

1382 1226 1714 1278 cleneyationc
1731 1230 1742 1274 (,
1749 1227 1790 1270 ci
1800 1228 1831 1270 t.
1844 1226 1897 1274 C.
1910 1226 2199 1286 Suprema).
2219 1228 2451 1278 Pontifex

1382 1292 1467 1338 ille
1490 1295 1779 1352 sapientias.
1804 1295 2068 1342 damnavit
2093 1311 2204 1345 eam
2234 1301 2451 1358 praxim,

1383 1366 1432 1406 et
1480 1366 1989 1413 excommunicationi
2042 1364 2072 1413 l.
2117 1382 2157 1415 s.
2208 1370 2452 1419 obnoxios

1383 1447 1491 1479 esse
1533 1435 1693 1481 voluit
1726 1440 1775 1482 et
1818 1437 1930 1484 illos
1973 1439 2061 1499 qui
2103 1453 2212 1488 eam
2257 1441 2448 1489 licitam

1383 1518 1493 1550 esse
1506 1508 1742 1561 scribere,
1755 1514 1851 1553 aut
1868 1510 2006 1567 loqui
2019 1523 2118 1556 non
2128 1510 2452 1567 dubitabantz

1383 1579 1430 1620 et
1477 1577 1808 1625 confessarios
1859 1581 1945 1640 qui
2000 1583 2126 1629 haec
2173 1584 2478 1640 exquirere·

1377 1655 1792 1706 praesumerent,
1811 1652 2184 1699 absolutionem
2202 1651 2450 1701 reticenti·
2528 1663 2548 1692 ὀ·

1381 1717 1475 1764 bus
1508 1723 1823 1778 deneyanch.
1858 1722 2134 1770 Constitut.
2157 1729 2332 1782 nostra
2357 1728 2452 1773 Ιιοε

1381 1791 1633 1849 praeterit,
1652 1796 1702 1838 et
1720 1795 2238 1843 excommunicatione
2257 1799 2451 1845 coercet
2491 1835 2506 1842 ..

1381 1862 1544 1908 solum
1577 1867 1834 1919 docentes,
1866 1868 1948 1912 vel
1968 1867 2297 1923 defendentes
2329 1869 2447 1916 lici-
2498 1877 2507 1882 “

1384 1938 1490 1977 tam
1526 1947 1633 1981 esse
1658 1938 1882 1991 praxim
1916 1939 2231 1994 exquirendi
2261 1948 2448 1985 Nonum

1382 2007 1502 2061 (non
1547 2004 1935 2063 habitationem)
1971 2009 2253 2065 complicis.
2300 2007 2451 2056 Dam·
2512 2017 2535 2059 .“

1380 2079 1484 2131 nat,
1530 2077 1755 2136 inquam,
1799 2079 1929 2124 hanc
1967 2082 2209 2135 praxim,
2256 2090 2447 2149 raom-1

1383 2149 1641 2193 damnata
1676 2153 1751 2194 esc
1781 2162 1815 2194 a
1849 2150 2033 2195 Bened.
2057 2149 2144 2195 XI
2148 2150 2215 2195 V:
2241 2162 2448 2210 quamo-

1380 2217 1532 2272 brem,
1560 2218 1622 2264 ad
1650 2219 1780 2265 hanc
1803 2233 2046 2266 excomm.
2075 2219 2445 2269 incurrendam.

1379 2302 1507 2348 opus
1531 2293 1698 2342 est,ut
1719 2291 1836 2349 quis
1862 2294 2085 2351 utrumq.
2106 2290 2302 2337 licitum
2334 2304 2447 2338 esse
2482 2331 2485 2335 .

1379 2359 1577 2406 doceat:
1625 2374 1818 2419 nempe,
1864 2365 1912 2406 et
1956 2362 2220 2421 exquirere
2263 2373 2486 2408 nomen*

1378 2430 1654 2490 complicis,
1698 2435 1748 2477 et
1797 2432 2028 2477 reticenti
2077 2430 2446 2478 absolutionem

1380 2500 1638 2561 denegare.
1666 2502 1729 2546 Et
1749 2502 1871 2547 mihi
1897 2502 2228 2547 consentiunt
2250 2500 2445 2548 clariss.

1386 2571 1451 2616 De
1467 2571 1690 2618 Varceno
1708 2573 1814 2622 h„a.
1830 2575 1929 2618 ΒΑ.
1950 2572 2039 2618 Del
2052 2571 2270 2618 Vecehio
2284 2571 2367 2618 To.
2381 2570 2446 2628 11,
2463 2632 2466 2634 .
2487 2611 2491 2614 .

1377 2646 1405 2695 g
1423 2642 1525 2686 725.
1548 2642 1681 2688 Edit.
1702 2643 1762 2696 II,
1782 2648 1830 2688 et
1848 2642 2147 2702 Ganglaude
2173 2643 2444 2692 Comment-
2501 2655 2519 2686 ἒ
2539 2644 2548 2698 ζ

1378 2727 1424 2770 p.
1464 2714 1560 2759 161.
1594 2716 1662 2758 At
1696 2713 1812 2758 clar.
1845 2713 2143 2772 Bertapelle,
2173 2713 2445 2762 Commeat.
2532 2747 2545 2761 .

1381 2783 1488 2828 Par.
1512 2784 1546 2838 Ι,
1584 2786 1609 2841 5
1646 2785 1742 2838 189,
1776 2790 1925 2844 putat
1957 2785 2084 2830 satis
2117 2797 2228 2830 esse
2262 2782 2447 2831 alteru-

1379 2860 1535 2909 trum3
1559 2868 1750 2914 nempe,
1769 2857 1887 2914 quia
1908 2855 2026 2901 Ben.
2046 2853 2164 2899 XIV
2179 2853 2446 2900 damnavit

1378 2927 1576 2985 praxim
1611 2925 1906 2985 exquirendi
1953 2938 2133 2971 nomen
2166 2924 2445 2984 complicis,

1377 2999 1483 3042 sive
1516 3001 1801 3046 suadendo,
1825 2998 1933 3042 sive
1967 2997 2340 3042 absolutionem
2361 2998 2444 3043 de·

1378 3072 1626 3125 neyando.
1652 3068 1801 3113 Haud
1826 3069 1899 3113 ita
1921 3081 2058 3120 sane,
2083 3070 2141 3112 ut
2162 3066 2353 3126 legenti
2375 3065 2449 3112 fa·
2523 3103 2544 3134 33

1378 3140 1472 3184 cile
1495 3144 1650 3199 patet.
1678 3138 1810 3196 Quid
1845 3139 1978 3198 quod
2006 3137 2338 3183 confessarios
2369 3135 2444 3182 ita

1378 3211 1582 3255 demum
1626 3209 2084 3256 excomunicatioui
2132 3207 2361 3268 subjecit,
2396 3207 2443 3253 si

1380 3283 1717 3339 poenitentem
1751 3279 2096 3325 inabsolutum
2126 3278 2445 3324 dimisissent

1377 3354 1494 3410 (Cit.
1523 3352 1574 3398 B.
1614 3353 1707 3397 Ubi
1728 3348 2022 3407 primum)?

1439 3423 1535 3469 Sed
1572 3423 1788 3468 dubitari
1824 3425 2007 3480 potest,
2033 3423 2203 3465 utrum
2234 3433 2437 3467 excom·

1380 3494 1710 3539 municationi
1746 3495 1849 3538 sint
1878 3491 2081 3538 obnoxii
2115 3492 2219 3551 qui,
2250 3504 2348 3536 non
2373 3502 2444 3539 σω

1377 3568 1517 3624 falso
1562 3568 1869 3610 animarum
1901 3566 2028 3615 τοῖο,
2065 3562 2153 3607 sed
2202 3573 2305 3621 qua
2341 3559 2442 3607 alia

1378 3651 1533 3683 causa
1555 3636 1830 3695 exquirunt
1856 3633 1983 3680 ete?
2005 3631 2237 3678 Timidus
2257 3633 2439 3691 negavi

1379 3710 1429 3754 in
1462 3707 1740 3756 Comment.
1775 3705 1909 3751 edito
1943 3705 2097 3750 Reate
2136 3701 2262 3748 1880.
2298 3705 2331 3758 s
2359 3701 2439 3756 97,

2528 3649 2548 3763 ’ἑ

2525 3765 2548 3809 ἱ,

2520 3810 2548 3827 l:

2504 3948 2506 3957 .

2465 3819 2548 4042 ἰ’-Ξ
