2548 4042
203 5 300 61 144
501 22 627 61 rans
662 21 816 60 ruina
840 33 866 46 -
889 18 1254 84 pantaucum
1275 31 1301 44 -
1320 19 1495 59 macr.
1516 20 1550 60 1.
1573 20 1640 61 nu
1675 21 1878 62 Annuus
1911 0 2142 69 annuli
2219 0 2452 81 'suff

198 106 551 176 quaerimus,
594 120 740 175 quos
780 119 885 160 seu
916 103 1155 173 justitia
1181 118 1287 158 seu
1320 102 1540 159 caritas
1581 119 1794 160 cavere
1820 106 2012 176 jubet.
2042 87 2497 179 Quamobreai'ff
2523 112 2548 179 ,1-

198 195 389 248 Nostri
436 194 564 247 heic
604 210 823 246 causam
849 194 1164 262 accipiunt,
1206 208 1337 248 cum
1378 194 1452 247 de
1493 194 1715 248 damno·
1742 195 1991 251 alterius
2030 197 2254 267 agitur,
2296 177 2457 267 late,

199 284 366 344 idest,
408 283 533 337 sive
576 297 829 344 causam,
859 282 984 337 sive
1013 282 1377 336 occasionem
1405 280 1495 351 (8).
1527 283 1646 336 Hoc
1677 283 1959 352 primum;
2001 286 2214 344 deinde
2242 289 2441 347 admo·

198 374 373 428 nendi
417 388 617 427 sumus
659 371 1063 441 quaestionem
1108 373 1256 425 hanc
1296 371 1367 425 ad
1411 386 1510 424 eos
1550 371 1797 427 effectus
1840 389 1951 428 non
1998 376 2292 442 pertinere
2333 378 2436 449 qui

194 462 486 515 actionem
531 463 839 529 integrant
865 459 921 530 (ἓ
956 462 1075 524 145,
1113 461 1218 528 12),
1254 460 1470 530 quippe
1505 461 1602 530 qui
1645 463 1719 515 ab
1762 477 1832 516 ea
1872 465 2133 532 separari
2167 482 2278 520 non
2313 481 2439 538 pos·

195 555 357 613 sunt;
403 552 646 621 ideoque
691 567 797 605 nec
837 552 909 605 ad
953 566 1067 612 eOS,
1098 566 1259 619 quoS,
1293 549 1475 617 posita
1504 565 1701 613 causa,
1732 552 1897 621 sequi
1929 554 2163 608 omnino
2194 569 2439 612 necesse

195 644 302 704 est,
333 642 497 695 velut
526 657 599 694 ex
626 641 784 694 letali
816 640 1062 694 vulnere
1087 655 1259 701 mors;
1295 655 1368 692 ex
1391 638 1561 707 gravi
1589 643 1961 707 percussione
1986 643 2251 698 mulieris
2273 659 2440 714 prae·

194 732 435 798 guantis
476 732 735 785 abortus.

273 822 392 874 157.
426 822 553 887 Age
586 835 773 881 nunc;
803 820 937 888 quod
960 834 1024 871 σω
1054 820 1348 869 volantem-2⁰0
1375 824 1635 870 causabar
1662 820 2026 872 voluntarium
2064 822 2122 874 in
2148 823 2438 876 moralibus

190 916 471 976 reputatur
496 909 594 979 (9);
641 909 888 978 ideoque
933 908 1256 975 imputatur
1298 906 1348 959 ei
1395 906 1491 974 qui
1538 922 1773 960 causam
1818 909 2101 976 praebuit.
2137 910 2261 965 Non
2305 911 2433 982 qui·

190 997 322 1052 dem
345 1014 592 1067 semper,
617 999 718 1051 sed
742 998 787 1051 si
823 998 962 1051 illud
1000 997 1048 1050 1⁰
1075 995 1445 1063 praeviderit,
1471 998 1530 1050 et
1559 997 1615 1049 2⁰
1639 998 1957 1061 debuisset,
1979 1001 2041 1053 et
2068 999 2126 1054 3⁰
2150 1000 2439 1070 potuisset

188 1101 545 1156 praecavere
576 1087 706 1159 (lo).
739 1089 809 1141 Et
842 1087 1037 1156 prim0,
1069 1102 1201 1139 cum
1229 1087 1307 1136 nil
1335 1087 1550 1137 volitum
1590 1089 1716 1154 quin
1747 1090 2153 1156 praecoquitum,
2184 1104 2431 1146 necesse

189 1183 299 1239 est,
345 1183 406 1232 ut
445 1178 544 1248 qui
594 1193 828 1231 causam
882 1176 1068 1245 posuit
1097 1175 1418 1243 praeviderit
1457 1174 1700 1228 effectus
1754 1177 2078 1245 hujusmodi
2127 1174 2271 1251 (ll):
2324 1194 2435 1235 nec

189 1273 254 1324 ut
295 1268 600 1339 possibiles
644 1271 891 1328 tantum,
934 1267 1034 1319 sed
1088 1263 1465 1332 probabiliter·
1504 1268 1857 1334 sequuturos
1903 1265 2044 1337 (12);
2089 1272 2190 1323 aut
2231 1269 2304 1325 de
2346 1269 2435 1325 eis

190 1373 303 1412 non
348 1356 636 1411 immerito
675 1358 985 1408 dubitaverit
1014 1354 1143 1422 (13).
1175 1353 1391 1406 Deinde
1424 1357 1485 1406 ut
1515 1370 1726 1408 cavere
1760 1356 1888 1409 illos
1927 1358 2250 1423 debuisset,
2282 1374 2436 1426 nam,

187 1464 319 1503 cum
349 1449 584 1516 praeter
613 1444 1001 1498 intentionem
1030 1448 1370 1512 sequantur,
1395 1443 1498 1512 qui
1520 1444 1856 1512 culpabitur
1885 1446 1932 1500 is
1961 1447 2060 1516 qui
2087 1463 2200 1503 non
2223 1449 2428 1505 debuit

186 1554 285 1594 eos
327 1551 683 1608 praecavere
714 1533 860 1606 (14)3
901 1535 972 1588 Et
1012 1533 1060 1587 si
1106 1547 1217 1586 non
1260 1531 1482 1594 debuit,
1527 1547 1624 1586 eos
1666 1549 1898 1598 cavere,
1927 1537 2004 1590 acl
2037 1551 2180 1602 rem,
2210 1539 2457 1606 verina..

1358 1709 1638 1767 periculum
1674 1713 1760 1766 sit,
1786 1725 1848 1757 ne
1883 1713 1932 1759 in
1967 1726 2023 1759 eo
2054 1727 2154 1773 quo
2186 1728 2303 1762 cum
2326 1730 2432 1764 ser·

1359 1794 1532 1827 mones
1560 1783 1740 1829 misces
1773 1786 1948 1843 turpes
1975 1786 2310 1845 cogitationes
2343 1800 2429 1834 ex·

185 1715 318 1762 malo
351 1717 441 1760 tuo
473 1713 704 1771 exemplo
738 1714 1014 1772 permotus,
1042 1710 1253 1763 furetur,

186 1789 392 1848 pejeret:
427 1787 472 1831 si
506 1784 655 1830 aedes
690 1796 827 1829 meas
872 1781 1170 1831 incenderis,
1204 1782 1255 1824 et

186 1858 248 1904 ob
280 1870 391 1903 eam
414 1870 619 1903 causam
645 1868 736 1914 ego
760 1856 811 1900 in
842 1853 1125 1903 maledicta,
1150 1850 1255 1896 bla-

184 1928 444 1988 sphemias
488 1927 767 1985 eruperirnt
819 1924 1098 1974 maledicta,
1143 1922 1250 1967 bla-

182 1998 446 2058 sphemiae
476 2011 537 2042 ex
564 1998 756 2043 actione
790 2000 881 2040 tua
912 1995 1057 2055 quasi
1088 2007 1149 2038 ex
1174 2006 1253 2039 oc-

182 2068 700 2127 casioneprofluxisse
712 2066 963 2112 videntur.
984 2066 1098 2110 Dixi
1117 2077 1253 2118 usic,

180 2140 314 2185 idest
329 2138 496 2199 quoad
517 2143 800 2198 peceatum;
818 2138 940 2196 quia
962 2136 1100 2182 aliud
1119 2135 1251 2194 juris

181 2215 276 2264 est,
307 2211 352 2256 si
386 2210 631 2254 damnum
667 2208 810 2253 alteri
850 2209 1048 2254 illatum
1083 2209 1164 2259 sit,
1200 2207 1252 2250 in

176 2281 503 2327 restitutione
536 2278 787 2325 facienda:
825 2281 875 2325 in
912 2293 1013 2339 qua
1038 2279 1148 2325 sola
1169 2280 1251 2337 Ju-

180 2352 340 2400 stitia,
371 2365 471 2397 non
504 2351 705 2403 caritas,
738 2351 1024 2409 inspicitur.

238 2423 268 2466 8
298 2422 432 2476 Dixi,
466 2435 584 2467 cum
626 2426 689 2469 de
720 2425 934 2476 clamne,
966 2426 1075 2474 etc.,
1116 2435 1250 2476 nam,

177 2496 369 2538 remoto
418 2493 615 2544 damno,
665 2494 773 2538 sive
823 2492 1088 2552 temporali
1141 2493 1250 2538 sive

178 2563 454 2623 spirituali,
502 2563 711 2608 alterius
757 2564 837 2609 vel
870 2567 973 2617 tuo,
1018 2564 1153 2623 quod
1188 2578 1249 2610 ex

176 2636 438 2681 occasione
484 2636 727 2694 sequitur.
774 2636 922 2695 quasi
968 2640 1249 2695 sequutum

175 2718 315 2759 casu,
358 2708 408 2750 et
451 2718 538 2762 per
579 2705 829 2761 accidens,
875 2720 973 2751 non
1022 2708 1245 2764 imputa·

174 2780 261 2821 tur
293 2775 493 2831 (Sanch.
528 2776 588 2821 M.
634 2776 720 2830 IX,
761 2778 835 2828 45,
873 2778 959 2831 17).
994 2775 1163 2823 Veluti
1203 2777 1247 2822 si

172 2849 289 2906 quis
321 2860 382 2892 ex
406 2848 731 2906 equitatione,
757 2848 834 2893 vel
868 2847 1123 2898 ebrietate,
1160 2850 1250 2893 aut

173 2918 399 2976 ingluvie
441 2919 632 2976 patitur
673 2918 1005 2978 pollutionem
1045 2918 1247 2974 (Sanch.

172 3001 224 3033 n.
255 2990 318 3033 16.
346 2989 486 3048 Lugo
514 2990 587 3035 De
616 2990 793 3035 Justic.
830 2990 899 3042 18,
920 2991 994 3034 76.
1019 2987 1066 3034 S.
1096 2988 1246 3047 Alph.

172 3057 260 3111 111,
301 3060 405 3110 484,
445 3059 534 3104 Inf.
577 3060 635 3114 2).
669 3059 810 3105 Idem
853 3059 1125 3105 dicendum
1168 3062 1249 3103 est

171 3130 217 3174 si
252 3142 312 3173 ex
346 3142 501 3175 causa
526 3130 622 3175 levi
647 3132 840 3175 oriatur
864 3129 1058 3190 aliquid
1090 3141 1245 3188 grave

170 3200 268 3255 (Ex
301 3199 354 3243 L.
388 3200 417 3243 5
450 3200 501 3247 C.
536 3203 610 3246 Ad
650 3202 707 3247 L.
747 3201 893 3246 Corn.
930 3203 1002 3247 De
1040 3200 1245 3257 Sicar.),

172 3271 293 3330 quia
333 3283 431 3315 non
473 3275 640 3329 potest
682 3271 892 3317 effectus
945 3284 1042 3317 sua
1089 3283 1247 3317 causa

170 3341 332 3401 maj0r
354 3353 488 3385 esse:
515 3354 557 3385 v.
578 3354 614 3386 c.
638 3343 682 3386 si
702 3355 763 3386 ex
783 3341 882 3387 levi
902 3342 1243 3401 percussione,

169 3411 488 3471 negligentia
551 3413 733 3458 medici
798 3417 1045 3472 sequatur
1107 3426 1245 3458 mors

172 3482 332 3537 (Less.
353 3496 399 3526 n.
424 3482 555 3540 102);
584 3483 659 3527 vel
683 3497 743 3527 ex
771 3487 996 3543 aspectu,
1014 3484 1243 3537 lectione,

170 3555 262 3599 aut
294 3552 625 3599 collocutione
647 3553 825 3598 leviter
847 3555 1001 3613 turpi,
1029 3554 1245 3614 pollutio

169 3623 372 3678 (Sancti.
405 3637 454 3668 n.
493 3624 559 3668 18.
593 3622 640 3669 S.
675 3623 823 3682 Alph.
859 3624 888 3668 l.
925 3638 962 3669 c.
998 3638 1042 3669 v.
1076 3625 1244 3682 Hinc).

170 3692 268 3740 Sed
310 3694 356 3738 si
398 3706 460 3739 ex
502 3693 836 3740 collocutione
880 3694 1062 3740 leviter
1105 3695 1246 3754 turpi

1358 1854 1590 1899 citentur.
1615 1854 1691 1898 vel
1716 1868 1776 1899 ne
1801 1858 1858 1900 tu
1884 1855 2212 1914 pollutionem
2229 1858 2427 1918 patiens

1358 1924 1647 1969 consentias
1672 1924 1722 1969 in
1742 1925 2128 1973 delectationem
2147 1939 2426 1982 veneream,

1356 1995 1499 2052 gravi
1564 2007 1662 2040 non
1714 2006 1879 2048 vacas,
1924 2000 1974 2042 et
2016 2009 2078 2042 ex
2122 1996 2275 2045 dictis
2314 1998 2427 2059 pla·

1359 2078 1481 2110 num
1515 2068 1608 2111 est.

1417 2137 1445 2179 9
1469 2136 1525 2181 D.
1550 2136 1670 2182 Tho.
1698 2138 1771 2183 De
1794 2139 1934 2183 Malo
1955 2139 2109 2195 Quae.
2141 2139 2229 2194 ΙΙΙ,
2263 2144 2357 2187 art.
2384 2142 2428 2187 8.

1357 2206 1478 2253 Inde
1530 2209 1797 2266 vulgatum
1846 2210 1974 2255 illud
2013 2235 2034 2245 -
2066 2211 2167 2260 Qui
2213 2224 2431 2258 causam

1356 2281 1540 2324 damni
1572 2282 1670 2324 dac
1698 2283 1953 2326 damnum
1985 2284 2189 2331 dedisse
2219 2285 2430 2331 videtur

1357 2350 1451 2407 (Ex
1487 2350 1539 2395 L.
1575 2350 1646 2401 30.
1682 2352 1710 2409 ξ
1746 2354 1773 2395 4
1798 2353 1862 2398 In
1895 2357 2005 2398 hac.
2033 2355 2110 2400 Aa
2137 2354 2195 2400 L.
2220 2355 2429 2413 Aquam.

1422 2421 1474 2464 10
1507 2420 1562 2467 D.
1600 2422 1719 2467 Tho.
1750 2424 1784 2475 1,
1819 2423 1862 2475 2,
1894 2424 1937 2476 6,
1974 2424 2015 2469 3.

1420 2493 1464 2536 11
1486 2493 1628 2552 Lugo
1649 2494 1724 2539 De
1737 2494 1865 2539 Just.
1892 2494 1959 2549 18,
1973 2495 2047 2540 86.
2062 2494 2272 2542 Salmat.
2293 2495 2427 2552 XIII,

1361 2565 1398 2609 1.
1419 2565 1482 2618 16,
1504 2567 1595 2609 etc.
1613 2564 1765 2610 Aliud
1777 2564 1910 2623 juris
1930 2567 2008 2610 est
2027 2565 2078 2610 in
2097 2565 2203 2611 foro
2221 2567 2430 2613 externo

1354 2635 1492 2681 civili
1505 2637 1554 2679 et
1568 2634 1828 2687 canoni003
1848 2647 1980 2690 nam,
1997 2635 2041 2680 si
2061 2638 2325 2694 potueram
2342 2649 2429 2683 eos

1354 2704 1660 2764 praevidere,
1680 2704 1884 2751 tenebor
1907 2706 1981 2761 (L.
2006 2706 2057 2750 31
2083 2709 2165 2752 Ad
2182 2707 2237 2752 L.
2262 2708 2428 2767 Aquil.

1353 2775 1406 2823 C.
1422 2775 1451 2818 9
1471 2776 1543 2821 De
1568 2778 1766 2831 injur-J.
1793 2774 1975 2821 Verum
2001 2775 2120 2822 haec
2137 2789 2299 2836 poena
2321 2779 2421 2835 est;

1352 2858 1481 2905 quae
1516 2859 1615 2891 non
1649 2848 1788 2890 tenet
1810 2849 1926 2891 ante
1949 2847 2257 2893 sententiam
2284 2845 2424 2907 jndi-

1352 2916 1453 2970 cis;
1489 2916 1580 2961 sed
1613 2915 1674 2961 de
1708 2916 1800 2961 hoc
1836 2916 1980 2962 alias.

1419 2985 1471 3030 12
1492 2987 1568 3031 Ex
1592 2988 1674 3032 cit.
1698 2986 1753 3031 L.
1779 2987 1829 3030 31
1851 3003 1862 3041 3
1882 2987 1928 3033 S.
1954 2987 2108 3046 Alph.
2128 2986 2214 3043 111,
2237 2986 2341 3035 398.
2362 2987 2423 3036 V.

1353 3058 1464 3102 Dic.
1488 3057 1530 3101 2.
1561 3056 1687 3102 Nam
1722 3057 1970 3111 divinare,
2001 3060 2092 3102 aut
2123 3059 2430 3116 praecavere*

1349 3140 1696 3187 quaecumque
1728 3127 1991 3187 possibilia
2023 3127 2425 3184 sunt,sollicitu-

1350 3199 1527 3244 dinum
1574 3198 1947 3256 plenissimum,
1992 3201 2042 3243 et
2084 3198 2420 3246 durissimum

1349 3283 1476 3328 opus
1498 3269 1622 3314 foret
1644 3268 1872 3325 (Salmat.
1886 3269 1960 3324 25,
1975 3268 2018 3323 2,
2029 3269 2129 3324 29);
2149 3271 2200 3315 et
2217 3268 2279 3316 ab
2299 3269 2428 3330 ipsis

1349 3339 1547 3398 legibus
1582 3340 1673 3385 fori
1707 3339 1971 3386 exterioris
1996 3339 2219 3386 alienum
2242 3342 2321 3387 est
2343 3339 2421 3398 (V.

1350 3415 1380 3465 5
1413 3411 1442 3455 5
1466 3412 1540 3455 Ad
1567 3412 1621 3455 L.
1646 3412 1850 3469 Aqua).

1417 3481 1468 3525 13
1502 3481 1678 3540 Laym.
1700 3483 1747 3527 h.
1774 3485 1807 3526 t.
1835 3482 1957 3542 Cap.
1980 3480 2068 3538 ΙΙΙ,
2090 3493 2140 3526 n.
2161 3481 2206 3528 5.
2226 3481 2293 3527 Et
2311 3481 2426 3540 pla-

1349 3566 1473 3598 num
1506 3559 1597 3597 est.
1630 3557 1658 3606 5
1690 3551 1787 3606 143,
1820 3554 1862 3596 7.

1415 3624 1467 3667 14
1490 3623 1567 3667 Ex
1591 3622 1651 3669 D.
1673 3621 1793 3668 Tho,
1825 3623 1859 3675 1,
1882 3622 1928 3676 2,
1952 3623 1996 3675 6,
2018 3621 2060 3668 3.
2082 3620 2262 3680 Itaque
2289 3621 2334 3666 si
2357 3633 2420 3667 ex

1351 3693 1547 3741 actione
1578 3692 1881 3750 necessaria,
1902 3692 1984 3739 vel
2010 3691 2139 3748 utili,
2166 3689 2248 3740 vel
2267 3690 2423 3739 hone-
