2548 4042
118 29 222 89 262
544 49 667 88 raas
702 48 856 88 run
871 58 896 73 ·
911 32 1283 88 »momontum
1301 58 1327 73 ·
1346 35 1527 87 macr
1539 13 1595 116 'vf
1584 0 1684 85 nn
1706 9 1971 91 vacca-m
1945 0 2006 32 ⁹'
2011 0 2188 65 *W*

195 134 322 189 272.
353 131 644 202 Principio
671 132 857 202 igitur
885 134 1194 203 peccatum
1225 130 1368 186 nihil
1397 129 1559 186 aliud
1587 130 1678 186 est
1683 144 1880 201 quam
1905 133 2065 186 ασθαι
2088 130 2387 190 numm*
2411 150 2484 214 2223„

115 225 295 276 malus
330 220 425 291 (6).
467 221 640 276 Porro
679 221 867 276 omnis
903 222 1073 276 actus
1115 222 1405 276 humanus
1443 234 1480 274 a
1522 218 1831 275 voluntate
1881 223 2081 275 nostra
2122 218 2356 276 initium
2471 232 2504 264 ἱ

118 310 300 380 capit:
333 310 461 364 ideo
490 326 601 364 uon
632 311 804 365 datur
834 315 1137 380 peccatum
1182 309 1290 363 nisi
1331 308 1727 364 voluntarium
1757 307 1857 379 (7):
1890 307 1958 364 Et
1985 308 2126 379 quia
2153 307 2356 364 volun·
2419 335 2421 337 ·
2488 356 2502 363 -

120 399 332 454 tarium
374 415 447 454 ex
478 399 787 455 intellectu
817 401 879 453 et
910 399 1181 455 libertate
1218 397 1484 453 consistit
1517 395 1574 469 (ἓ
1606 397 1752 468 142),
1785 400 2087 467 peccatum
2125 412 2239 452 non
2271 395 2357 452 in·

120 487 432 556 telligitur,
467 489 576 543 nisi
618 489 935 543 adinissum
978 487 1171 550 suerit,
1224 486 1271 540 1⁰
1311 486 1587 551 scienter,
1628 502 1697 542 ac
1740 486 1796 541 2ο
1837 487 2040 545 libere.
2069 488 2359 558 Eat-ptimo

120 575 306 645 igitur
347 592 587 632 necesse
629 581 736 640 est,
770 580 833 632 ut
861 577 992 648 quis
1021 581 1080 633 et
1112 578 1166 631 id
1196 577 1345 646 quod
1378 576 1532 640 facit,
1564 580 1624 631 et
1655 576 1849 645 legem
1891 592 2044 647 quae
2075 576 2132 630 id
2163 576 2358 631 facere
2400 627 2403 629 i

120 668 303 730 vetat,
337 668 751 732 animadvertam
783 667 949 730 idest,
995 667 1086 721 hic
1130 671 1190 721 et
1234 681 1389 720 nuuc
1431 664 1486 734 (ἓ
1520 667 1641 728 147,
1671 666 1765 736 23)
1804 665 1972 727 sciat.
2001 667 2106 721 aut
2146 665 2359 720 saltem

118 755 418 826 (practice)
445 757 694 820 dubitet,
734 771 798 811 se
841 772 963 812 rem
994 757 1204 811 malam
1236 756 1453 818 facere;
1483 755 1583 825 qui
1628 754 1721 809 liic
1763 757 1825 809 et
1869 770 2023 809 nunc
2063 754 2211 809 nihil
2253 751 2358 808 clu·

121 846 287 909 bitat,
332 846 423 900 hic
464 850 523 901 et
567 862 721 900 nunc
764 846 907 900 nihil
954 849 1158 916 peccat
1182 846 1275 916 (8).
1310 846 1525 899 Verum
1567 844 1614 899 si
1657 846 1834 899 antea
1877 842 2242 912 praeviderit
2279 840 2357 897 es·

120 936 309 992 sectus
350 935 721 1004 ignorantiae
762 951 922 998 suae,
954 936 1046 991 vel
1081 934 1572 997 inadvertentiae‚
1604 934 1733 1003 ejus
1760 948 1992 1004 quoque
2022 933 2175 1003 quod
2219 930 2360 987 facit

118 1041 256 1082 reus
296 1026 411 1081 erit
455 1028 511 1079 in
551 1042 713 1079 causa
742 1022 841 1095 (9).
887 1026 973 1078 Em
1012 1028 1174 1080 altero
1213 1040 1357 1094 opus
1398 1027 1509 1086 est,
1552 1026 1618 1078 ut
1665 1026 1809 1092 agat
1861 1022 2044 1078 libero
2083 1019 2358 1082 arbitrio;

120 1115 291 1180 idest,
333 1117 396 1170 ut
439 1116 618 1186 possit
657 1116 959 1170 abstinere
988 1129 1059 1170 ea
1089 1130 1150 1170 re
1193 1129 1367 1184 quam
1411 1113 1579 1176 facit;
1612 1115 1688 1176 et,
1726 1112 1943 1182 injure
1986 1110 2251 1182 positivo,
2294 1116 2361 1163 ut

120 1207 300 1278 possit
341 1222 412 1260 ea
437 1206 741 1260 abstinere
781 1206 1003 1276 absque
1036 1205 1392 1259 incommodo
1433 1203 1630 1272 gravi:
1678 1203 1806 1257 ideo
1840 1203 1898 1256 in
1938 1215 2216 1271 praesens
2246 1214 2359 1254 non

121 1298 325 1366 peccat
365 1295 483 1365 qui,
525 1295 881 1349 constitutus
923 1294 1079 1349 inter
1119 1295 1263 1348 duas
1305 1293 1631 1349 contrarias
1675 1293 1858 1360 leges,
1910 1291 2189 1346 leviorem
2231 1303 2359 1360 pes·

120 1385 373 1447 sumdat;
399 1383 491 1438 vel
517 1383 705 1438 factus
729 1384 909 1452 impos
939 1382 1108 1451 legiS,
1128 1383 1322 1451 legem
1347 1398 1458 1436 non
1486 1381 1690 1451 implet
1713 1382 1806 1451 (ἓξ
1838 1380 1954 1444 177,
1987 1379 2132 1452 178).
2164 1381 2359 1449 quue

117 1473 328 1536 minuS‚
357 1489 421 1526 ex
459 1479 676 1541 utroque
717 1473 928 1542 capite,
972 1477 1178 1541 peccat
1218 1475 1274 1525 in
1315 1488 1367 1525 se
1407 1471 1504 1541 qui
1550 1486 1660 1525 nec
1701 1473 1960 1526 scienter
2003 1486 2109 1526 nec
2151 1469 2359 1532 libere,

118 1562 221 1618 sed
261 1566 465 1617 contra
506 1563 602 1616 vel
653 1565 889 1631 praeter
947 1561 1335 1617 intentionem
1380 1576 1545 1615 suam
1592 1560 1815 1632 aliquid
1865 1559 2034 1624 facit;
2084 1558 2269 1614 veluti
2310 1558 2359 1613 si

118 1652 320 1708 ebrius
361 1652 746 1721 blasphemet,
788 1651 1058 1721 quamvis
1100 1652 1246 1706 sorte
1290 1651 1346 1704 in
1392 1665 1571 1705 causa
1612 1650 1948 1720 peccaverit
1978 1648 2035 1720 (ἓ
2066 1650 2208 1717 157).

194 1743 321 1796 273.
357 1743 565 1811 Itaque
610 1742 915 1810 peccatum
957 1740 1190 1795 initium
1235 1740 1392 1810 capit
1432 1756 1468 1795 a
1510 1740 1818 1795 voluntate
1863 1743 2086 1802 nostra;
2130 1726 2363 1794 scilicet

117 1834 416 1901 tamquam
455 1846 491 1886 a
533 1832 716 1900 primo
756 1834 1053 1891 movente:
1086 1833 1146 1885 et
1178 1836 1485 1900 praeterea
1515 1830 1811 1886 interdum
1853 1829 2031 1884 etiam
2073 1830 2147 1883 ab
2190 1829 2362 1883 intel-

118 1921 299 1983 lectu,
330 1920 423 1974 vel
453 1921 740 1990 appetitu,
770 1923 1067 1990 tamquam
1111 1921 1184 1974 ab
1227 1935 1295 1974 eo
1328 1921 1517 1981 motiS,
1551 1920 1645 1974 vel
1690 1934 1799 1973 non
1831 1919 2101 1973 cohibitis
2129 1919 2183 1988 (g
2215 1915 2356 1987 142).

116 2007 193 2064 Et
232 2009 537 2064 voluntate
580 2010 818 2080 quidem
849 2014 1127 2078 peccatur
1154 2026 1362 2078 semper,
1394 2008 1606 2063 ceteris
1650 2008 1906 2078 paribus:
1940 2012 2221 2078 peccatur
2246 2022 2360 2062 au—

115 2100 255 2163 tem,
284 2114 390 2154 seu
418 2100 539 2153 velit
564 2100 694 2169 quis
723 2100 874 2170 quod
918 2099 1014 2152 lex
1047 2102 1233 2161 vetat;
1265 2114 1371 2152 seu
1410 2096 1540 2152 nolit
1565 2098 1717 2168 quod
1759 2097 1856 2152 lex
1887 2098 2085 2167 jubet;
2115 2111 2223 2152 seu
2258 2111 2360 2150 non

118 2191 248 2242 notit
270 2187 327 2257 (ἓ
358 2190 479 2252 133,
509 2190 565 2259 6)
591 2189 741 2259 quod
788 2187 881 2243 lex
913 2189 1085 2258 jubet
1124 2191 1226 2242 aut
1257 2189 1438 2250 vetat,
1469 2187 1699 2257 quoties
1730 2188 1787 2240 in
1817 2201 2098 2256 suspenso
2125 2186 2234 2249 est,
2262 2184 2362 2240 de·

117 2277 488 2340 liberaturus,
522 2281 716 2332 utrum
747 2278 889 2333 illud
920 2279 1208 2339 omittere,
1242 2278 1347 2331 hoc
1379 2277 1586 2338 facere,
1610 2274 1685 2346 (v.
1711 2292 1755 2331 c.
1791 2275 2044 2339 obedire,
2071 2273 2358 2346 pejerare)

178 2515 208 2560 6
240 2514 300 2561 D.
334 2514 457 2562 Tho.
493 2517 534 2567 l,
564 2516 606 2567 2,
639 2517 712 2568 71,
746 2518 787 2561 6.
812 2518 982 2570 Actus,
1010 2529 1188 2575 nempe

117 2585 416 2638 voluntatis,
452 2588 502 2629 et
536 2599 633 2631 non
673 2590 804 2632 aetio
829 2586 904 2644 (V.
937 2591 968 2642 5
1007 2589 1104 2640 141,
1135 2588 1188 2635 1).

1294 2515 1419 2560 forte
1444 2515 1744 2574 ignorantia,
1764 2515 1838 2559 vel
1863 2514 2236 2562 inadvertentia
2254 2515 2363 2562 fue·

1295 2587 1360 2631 rit
1394 2584 1666 2644 culpabilis
1700 2586 1751 2630 in
1784 2598 1952 2631 causa.
1979 2584 2173 2646 Utputa
2203 2587 2248 2632 si
2281 2599 2360 2632 sa·

118 2656 184 2702 Et
217 2655 329 2701 ideo
365 2670 425 2701 ex
454 2656 541 2701 illa
568 2670 679 2701 cum
707 2658 887 2716 primis
913 2659 1186 2711 aestimari,

120 2727 362 2786 imputari
399 2726 571 2772 debet:
609 2741 699 2773 nec
732 2728 882 2772 refert
923 2729 967 2773 si
1013 2733 1188 2787 postea

119 2797 476 2843 retractaveris
497 2797 826 2850 voluntatem,
846 2798 920 2843 vel
943 2798 1065 2843 haec
1090 2813 1187 2844 non

122 2867 366 2927 prodierit
392 2869 442 2913 in
472 2868 720 2913 actionem
750 2872 1025 2914 externam.
1050 2870 1114 2914 Et
1137 2870 1187 2914 in

118 2936 216 2984 hoc
237 2940 456 2984 maxime
486 2939 654 2985 differt
675 2945 936 3000 peccatum
960 2955 987 2985 a
1006 2940 1188 2986 delicto

118 3011 170 3053 et
193 3009 395 3068 injuria,
419 3023 546 3069 quae
570 3024 631 3055 ex
656 3011 851 3056 actione
874 3022 1074 3071 quoque
1095 3024 1183 3055 ex·

121 3082 265 3124 terna
291 3083 455 3126 metiri
479 3081 685 3132 debent;
710 3082 863 3126 immo
883 3081 991 3126 siue
1015 3080 1108 3127 hac
1128 3095 1189 3126 ne

121 3148 479 3207 intelliguntur
501 3151 703 3210 quidem
732 3152 926 3209 (5515,
949 3153 1023 3207 143
1058 3153 1174 3205 146).

177 3219 206 3262 7
242 3218 296 3264 D.
331 3221 452 3266 Tho.
486 3223 520 3275 l,
547 3224 590 3275 2,
611 3226 686 3276 74,
708 3223 749 3266 2.
784 3223 1031 3268 Voluntas
1053 3223 1186 3267 enim

120 3293 199 3335 eet
247 3303 350 3347 qua
409 3298 658 3346 peccatur
712 3299 758 3338 et
809 3298 947 3339 recte
991 3295 1190 3339 vivitur

119 3357 191 3416 (S.
219 3363 348 3418 Aug.
385 3363 604 3407 Retraet.
642 3362 740 3417 IX).
775 3365 881 3408 Aut
909 3365 1073 3420 iqitur
1105 3377 1188 3411 ne·

113 3434 354 3487 vandum
392 3435 471 3477 est
493 3438 765 3487 peccatum
798 3436 1058 3487 committi,
1095 3441 1192 3480 aut

115 3498 399 3556 fatendum
434 3507 510 3548 est
539 3505 805 3550 voluntate
831 3507 1081 3580 committi
1103 3505 1184 3561 (Id.

119 3570 194 3617 De
227 3572 332 3616 Ver.
358 3572 513 3627 Reliy.
538 3571 592 3619 C.
623 3573 710 3626 14).

178 3640 207 3683 8
240 3640 381 3686 Suar.
416 3642 490 3688 De
525 3641 735 3688 Cen-sur.
778 3647 818 3694 4,
861 3644 1005 3696 8,18.
1051 3647 1189 3690 Com·

116 3714 432 3758 muni-'sima
476 3713 662 3768 (Croix.
710 3712 765 3767 V,
805 3714 896 3771 16).
942 3716 1186 3772 Quamvis

1293 2654 1468 2704 cerdos
1502 2668 1789 2715 suspensus
1824 2654 1886 2702 ab
1925 2655 2082 2701 officio
2125 2656 2361 2716 baptizet,

1293 2725 1370 2770 vel
1406 2730 1566 2786 ungat
1602 2730 1852 2785 aegrotos,
1884 2731 2071 2786 putans
2105 2726 2228 2773 ha'ec
2261 2726 2359 2774 sibi

1293 2809 1391 2841 non
1429 2796 1680 2842 interdici.

1351 2867 1380 2910 9
1403 2865 1451 2912 S.
1479 2867 1624 2926 Alph.
1655 2865 1710 2919 V,
1734 2870 1775 2913 4.
1797 2867 1908 2911 Erit
1932 2870 2099 2912 autem
2124 2868 2358 2927 ignoran-

1293 2936 1379 2988 tia,
1398 2935 1475 2981 vel
1505 2936 1875 2981 inadvertentia
1901 2937 2033 2989 baec,
2054 2936 2358 2990 voluntaria,

1292 3007 1336 3053 si
1385 3007 1579 3051 oriatur
1629 3006 1704 3052 vel
1750 3021 1809 3052 ex
1856 3007 2167 3067 negligentia
2210 3007 2358 3054 addi-

1292 3076 1462 3123 scendi
1484 3075 1559 3120 «D.
1587 3077 1706 3122 Tho.
1738 3079 1772 3131 1,
1797 3078 1839 3132 2,
1863 3078 1934 3132 76,
1960 3080 2023 3130 4),
2054 3077 2130 3123 vel
2157 3091 2217 3123 ex
2246 3091 2361 3139 pas-

1293 3153 1432 3198 sione
1452 3151 1533 3198 (D.
1559 3150 1676 3196 Tho.
1703 3152 1777 3206 77,
1798 3154 1865 3209 7),
1891 3152 1969 3197 vel
1995 3165 2055 3197 ex
2075 3151 2252 3199 habitu
2277 3151 2360 3211 (D.

1293 3222 1412 3267 Tho.
1446 3222 1490 3279 6,
1520 3223 1579 3275 8).
1606 3222 1680 3268 Ea
1714 3222 1820 3268 sola
1855 3221 2226 3268 inadvertentia
2259 3236 2360 3284 qua

1292 3295 1407 3352 quis
1426 3293 1487 3338 de
1508 3293 1615 3352 lege
1643 3293 1729 3339 Dei
1755 3298 1876 3340 actu
1899 3306 2004 3340 non
2024 3296 2236 3349 eoyitat.
2257 3306 2356 3340 non

1292 3368 1503 3409 excusat
1523 3379 1551 3410 a
1576 3368 1779 3424 peccato
1801 3366 1857 3410 in
1881 3377 1954 3418 se,
1973 3364 2093 3423 quia
2114 3375 2231 3411 cum
2254 3376 2360 3410 non

1291 3436 1495 3491 coyitat,
1541 3447 1656 3480 eam
1697 3436 1979 3481 contemnit
2009 3447 2105 3491 per
2148 3438 2358 3483 modum

1290 3508 1587 3551 omissionis
1627 3508 1903 3563 cujus-dam
1937 3504 2014 3562 (D.
2059 3504 2179 3550 Tho.
2219 3506 2298 3555 74,
2327 3507 2357 3549 7

1292 3575 1354 3621 ad
1374 3576 1440 3633 2).
1471 3576 1647 3620 merito
1671 3577 1827 3635 igitur
1846 3575 2109 3635 explosum
2129 3573 2226 3619 fuit
2244 3587 2358 3634 pcc·

1290 3649 1462 3691 catum
1507 3646 1911 3705 philosophicum
1944 3645 2107 3701 (Alex.
2142 3642 2274 3698 VIII,
2313 3644 2357 3687 2.

1291 3715 1349 3762 V.
1381 3715 1430 3762 S.
1455 3715 1603 3775 Alph.
1625 3715 1733 3762 Lib.
1758 3715 1817 3771 V,
1837 3718 1884 3762 h.
1917 3719 1949 3760 t.
1976 3728 2023 3760 n.
2053 3714 2113 3772 4).

2518 3643 2548 3706 1³.

2499 3715 2548 3763 ’ἦ
