2548 4042
470 6 495 40 vg
543 14 555 31 =,
586 19 587 22 η
614 0 708 42 ,ἣν
783 1 787 8 ²
828 0 921 44 πᾳ(
986 0 1198 43 W
1226 0 1367 34 b-U-
1396 0 1604 33 'w-
2258 0 2263 5 '
2300 0 2398 31 w!

466 51 470 60 ι
503 48 506 58 l
655 42 699 61 πῖ·
765 47 769 51 ·
846 53 870 64 a,

197 101 210 128 '-
219 109 242 138 [⁴
237 96 415 145 ““““““

1086 158 1480 217 APPENDIX.

654 292 734 335 na:
774 291 872 336 ms
910 293 1008 341 om
1050 293 1110 335 m
1152 294 1458 337 nsucruu
1500 294 1910 338 contenanum·

228 426 362 489 810.
388 428 558 485 Nunc
600 429 906 485 videamus
946 427 1086 500 quid
1119 429 1275 499 juris
1313 429 1410 492 sit,
1449 429 1496 485 si
1533 430 1663 493 duo,
1694 429 1971 501 pluresve
2011 431 2279 502 ejusdem
2305 432 2406 490 de-

31 518 102 601 .)
159 510 288 578 1106
307 517 627 592 participes
650 518 887 574 fuerint.
919 518 994 574 Et
1014 519 1337 582 videamus,
1361 520 1557 574 utrum
1579 534 1841 575 seorsum
1863 523 2066 589 agant,
2096 535 2172 575 an
2199 535 2404 580 omnes

65 599 103 683 Ἀ
151 606 222 668 in
257 607 386 681 ipso
423 607 641 664 delicto
681 608 1075 679 perpetrando
1114 612 1487 664 concurrant.
1516 607 1571 662 Si
1613 622 1894 670 seorsum.
1939 609 2107 665 velut
2149 610 2206 665 in
2252 609 2400 673 rixa.

7 692 37 715 ³
104 754 105 757 ,
153 698 737 768 σώσοδωοκρυςισ
762 699 1100 767 contemplari·
1122 695 1490 768 oportebit(l);
1523 697 1653 753 ideo
1692 699 1941 769 quisque
1984 714 2085 770 pro
2113 714 2219 755 suo
2248 699 2404 756 sacto

152 786 476 847 tenebitur.
515 787 685 852 Quid,
714 788 762 843 si
796 787 912 843 duo
950 786 1297 842 admiserint
1337 787 1538 843 eodem
1582 791 1862 858 tempore,
1894 805 1947 842 v.
1979 805 2048 853 c.,
2091 789 2139 845 si
2183 790 2299 845 duo
2340 789 2398 846 in

153 873 355 952 &jum
392 877 582 936 telum
613 877 891 950 jecerint,
933 880 995 932 et
1038 891 1189 931 unus
1229 877 1464 931 tantum
1506 876 1750 941 ferierit,
1790 892 1898 933 nec
1939 882 2226 948 appareat
2268 881 2404 936 uter

152 965 418 1027 ffleriti
469 967 542 1023 Et
592 966 851 1038 profecto
892 972 1178 1034 utrumque
1225 965 1415 1021 teneri
1460 966 1724 1037 iniquum
1781 969 1890 1030 est,
1931 969 2161 1022 alterum
2211 968 2404 1037 potius

154 1057 494 1119 murnum.
521 1071 667 1127 ergo
692 1061 878 1110 mur
906 1054 1210 1110 tenebitur
1234 1052 1337 1127 (2).
1368 1054 1465 1109 Sin
1498 1056 1785 1111 communi
1818 1056 2082 1120 consili0,
2113 1057 2211 1128 qui
2257 1058 2400 1114 illud

154 1146 328 1206 velut
369 1147 496 1204 suis
533 1145 805 1202 manibus
846 1145 1089 1214 patrant
1127 1144 1478 1213 delinquentes
1508 1148 1855 1215 principalem
1904 1146 2086 1202 ceteri
2132 1150 2409 1202 accessoria·

148 1234 271 1296 dici
295 1235 492 1314 uolent
518 1232 612 1308 (3).
642 1235 804 1298 Heio,
835 1234 974 1305 jure
1002 1233 1180 1296 civili,
1209 1235 1538 1302 simularunt
1565 1239 1831 1304 proprium
1859 1243 1933 1290 ost
1961 1238 2275 1307 maleficium
2296 1236 2401 1311 (4);

127 1325 438 1402 *canonico
472 1325 724 1398 quisque
774 1338 877 1395 pro
916 1338 1022 1379 suo
1064 1323 1216 1377 sacto
1265 1326 1504 1379 tenetur
1531 1323 1625 1395 (5).
1676 1326 1752 1379 At
1793 1340 1934 1381 vero
1973 1326 2021 1381 si
2065 1341 2138 1382 ex
2176 1327 2404 1383 duobus

138 1415 311 1498 ¹alter
337 1414 469 1472 dolo
497 1415 723 1478 fecerit,
765 1414 921 1469 alter
962 1413 1316 1484 imprudens,
1360 1416 1422 1469 et
1463 1430 1651 1484 poena
1693 1416 1770 1471 sit
1812 1417 2111 1486 ejusmodi,
2155 1432 2308 1488 quae
2349 1417 2403 1475 si

151 1505 334 1564 merit
374 1506 638 1575 irrogata
676 1504 908 1559 tenebit
951 1506 1284 1573 utrumque,
1329 1518 1403 1558 ne
1455 1504 1736 1561 innocens
1780 1506 2078 1575 puniatur,
2123 1509 2400 1563 neutrum

155 1596 390 1655 tenebit
426 1594 521 1668 (6).
563 1594 743 1652 Nobis
784 1594 856 1649 de
899 1593 990 1648 his
1037 1594 1335 1663 agendum
1377 1596 1486 1657 est,
1528 1595 1626 1665 qui
1670 1595 2050 1666 deliquerunt
2103 1597 2399 1652 communi

156 1686 417 1750 consilio,
445 1688 508 1741 et
535 1684 968 1756 inquirendum,
993 1699 1133 1737 num
1162 1682 1581 1753 delinquentes
1609 1685 1922 1740 accessorii
1947 1686 2168 1742 eisdem
2202 1686 2403 1757 poenis

157 1777 282 1834 sint
325 1775 581 1837 obnoxii,
630 1789 784 1845 quae
834 1774 892 1828 in
942 1773 1359 1843 delinquentes
1407 1773 1762 1844 principales
1809 1776 2118 1831 dumtaxat
2168 1776 2404 1847 legibus

153 1868 419 1925 statutae
459 1868 618 1921 sunt.
648 1864 773 1919 Dixi
803 1864 1010 1927 eisdem,
1036 1876 1171 1917 uam
1200 1862 1402 1932 aliqua
1432 1878 1617 1932 poena
1644 1866 1994 1920 coercendos
2023 1880 2175 1930 esse,
2211 1866 2399 1936 palam

138 1959 278 2014 est:
318 1954 438 2011 dixi
491 1956 789 2015 dumtaxat,
852 1967 985 2007 nam
1028 1952 1074 2006 si
1124 1952 1181 2006 in
1225 1966 1325 2006 eos
1366 1966 1597 2023 quoque
1642 1953 1876 2022 legibus
1932 1957 2194 2011 statutae
2243 1962 2400 2021 sunt,

155 2045 348 2104 omnis
384 2044 678 2100 dubitatio
717 2047 924 2098 cessat.

216 2245 233 2292 1
257 2245 316 2293 L.
338 2246 390 2291 17
406 2245 483 2290 Aa
502 2243 557 2288 L.
586 2243 732 2288 Corn.
758 2244 820 2287 de
850 2240 1013 2286 Sicar.
1035 2238 1109 2283 Ex
1134 2236 1230 2286 CC.

151 2317 199 2376 3,
218 2319 263 2364 4.
285 2316 364 2365 De
388 2316 518 2363 Gler.
543 2325 778 2372 percuss.
801 2312 855 2359 C.
877 2313 921 2361 6.
947 2315 1003 2365 §g
1022 2310 1064 2364 2,
1087 2310 1130 2354 3.
1157 2313 1226 2355 De

153 2388 336 2438 mic.
370 2385 549 2446 ltaque
587 2386 631 2431 si
672 2397 806 2429 unus
842 2382 1093 2428 mortifere
1127 2380 1223 2427 ali·

1326 2240 1503 2296 plicent,
1540 2239 1638 2287 dici
1674 2240 1854 2287 solent.
1887 2242 2037 2288 Porro
2070 2244 2277 2304 quinam
2301 2257 2396 2291 an-

1334 2313 1513 2362 ctores‚
1532 2312 1740 2371 quinam
1762 2312 2035 2372 complices
2053 2313 2254 2360 dicendi
2279 2314 2398 2370 sint,

1333 2394 1430 2427 non
1451 2394 1511 2426 ex
1535 2381 1771 2429 civilibus
1796 2383 1994 2443 legibus
2020 2386 2171 2446 (quae
2198 2386 2399 2432 variant

150 2471 307 2524 quem
339 2456 646 2508 vulneravit,
684 2454 816 2502 alius
850 2457 1027 2515 postea
1059 2453 1228 2498 exani-

158 2531 339 2585 navit,
354 2529 492 2591 prior
509 2540 607 2574 non
627 2525 883 2573 tenebitur
902 2529 958 2570 nt
975 2522 1230 2570 homicida

151 2601 229 2660 (10.
257 2602 306 2648 11
338 2603 413 2648 Aa
435 2600 717 2658 1,.Aque·1.);
753 2597 965 2657 ideoque
1000 2607 1097 2641 non
1133 2595 1229 2640 erit

157 2667 831 2734 irregulari-(S.A1ph.vn,
847 2667 950 2713 369.
969 2665 1227 2711 V.Duard.

159 2741 271 2792 Lib.
300 2741 359 2790 n.
394 2742 515 2792 Can.
549 2744 595 2795 4,
617 2753 664 2800 q.
698 2739 746 2794 ἒς
774 2739 894 2787 Can.
929 2739 973 2789 9.
994 2749 1040 2796 q.
1082 2738 1153 2788 12;
1179 2742 1229 2782 et

161 2812 310 2864 8⁰⁸1·-
329 2814 404 2868 45,
425 2813 468 2867 3,
491 2825 522 2859 a
552 2826 600 2859 n.
622 2813 684 2866 8).

213 2885 245 2931 2
265 2884 316 2933 8.
339 2882 490 2945 Δῐρῑι.
514 2881 603 2934 111,
624 2882 729 2927 658.
756 2880 812 2927 V.
836 2879 979 2927 Suar.
998 2882 1071 2931 45,
1089 2880 1130 2931 3,
1162 2880 1229 2930 ll,

127 2983 130 2985 >
155 2954 452 3018 Atqneideo
461 2954 559 3001 etsi
574 2966 749 3000 omnes
764 2952 1124 3013 percusserint,
1140 2963 1228 2995 nec

158 3028 402 3087 app-reat
430 3026 581 3085 cnjus
614 3025 718 3070 ictu
751 3024 959 3084 perierit
983 3021 1052 3078 (S.
1079 3022 1227 3082 Alph.

156 3093 370 3150 vum-1
389 3098 563 3143 eontra
577 3094 735 3144 suar..
750 3093 888 3155 quid.
904 3107 942 3141 c.
963 3107 1008 3139 n.
1029 3094 1071 3146 9,
1089 3107 1149 3139 ex
1173 3093 1227 3140 C.

157 3164 251 3214 ult.
272 3165 394 3213 Gau.
413 3165 546 3220 2228,
562 3169 614 3211 et
628 3163 814 3211 Duard.
834 3164 862 3210 1.
879 3178 917 3211 c.
934 3178 982 3210 n.
998 3164 1229 3218 3,omnes

157 3236 317 3284 unsri
350 3236 572 3296 putant).
598 3234 698 3281 Nec
732 3234 903 3280 obstat
937 3236 1019 3281 cit.
1054 3235 1106 3283 C.
1138 3235 1227 3280 ult.

158 3305 234 3363 23,
266 3307 309 3358 8.
345 3306 532 3367 quippe
575 3317 666 3351 nec
706 3303 922 3364 alicujus
956 3304 1010 3350 R.
1044 3305 1095 3349 P.
1140 3318 1229 3350 nec

162 3376 383 3438 aiicujus
415 3375 566 3425 Conc.
588 3373 909 3423 oecumenici
944 3379 1035 3419 est.
1071 3374 1227 3421 Secus

162 3448 209 3496 si
241 3451 440 3495 eon-ut
468 3459 644 3493 omnes
670 3446 983 3505 percussisse
1011 3444 1230 3492 letaliter

163 3516 242 3576 (V.
264 3521 294 3571 8
323 3518 419 3570 158,
441 3518 490 3562 21
514 3534 524 3572 ;
559 3514 614 3561 V.
650 3517 724 3561 Aa
756 3516 1030 3573 ultimum).

217 3588 247 3632 3
279 3588 536 3648 Carmign.
568 3586 723 3632 Elem.
743 3587 855 3631 Jur.
882 3586 1039 3632 Crini.
1060 3589 1090 3639 5
1122 3585 1223 3631 209.

1331 2465 1391 2497 ex
1420 2451 1578 2504 locis),
1601 2452 1688 2499 sed
1714 2466 1775 2498 ex
1799 2453 2045 2501 doctrinis
2070 2455 2164 2502 ΤΤ.
2188 2455 2399 2503 definire

1334 2535 1427 2569 nos
1459 2527 1670 2583 oportet.

1391 2598 1417 2638 4
1451 2593 1505 2639 L.
1539 2594 1597 2639 24
1634 2598 1704 2641 De
1736 2597 1897 2653 injur.

1389 2667 1419 2709 5
1450 2664 1525 2710 Ex
1560 2664 1613 2713 C.
1647 2666 1705 2711 34
1733 2666 1860 2714 Cau.
1882 2668 1953 2722 23,
1987 2668 2029 2714 8.
2063 2668 2116 2717 C.
2140 2669 2184 2722 6,
2207 2673 2265 2723 ἓ,
2291 2670 2327 2723 l,
2351 2668 2398 2716 2.

1335 2738 1408 2784 De
1435 2740 1624 2783 Homic.
1654 2737 2008 2799 Praeterquam
2043 2740 2087 2784 si
2124 2743 2308 2799 agatur
2337 2738 2400 2787 de

1333 2808 1706 2867 irregularitate
1740 2822 1801 2854 ex
1848 2809 2143 2864 homicidio;
2188 2810 2252 2856 de
2294 2821 2399 2871 quo

1331 2879 1511 2925 serius.
1555 2883 1617 2926 Et
1660 2882 1893 2938 congruit
1941 2880 2198 2926 doctrinae
2242 2877 2402 2928 Thoo-

1332 2948 1557 3008 logornm
1583 2951 1686 3010 qui,
1710 2963 1821 2995 cum
1858 2949 1919 2994 de
1948 2951 2271 2996 restitutione
2293 2950 2398 3010 agi·

1332 3026 1430 3069 tur,
1462 3033 1559 3065 non
1596 3022 1645 3064 in
1670 3020 1891 3066 solidum
1919 3025 2089 3080 (prout
2109 3033 2171 3067 ex
2193 3021 2308 3084 juro
2330 3023 2399 3071 ci·

1334 3089 1459 3143 vili),
1481 3090 1567 3134 sed
1594 3103 1844 3151 quemque
1867 3103 1956 3150 pro
1982 3090 2167 3139 damno
2191 3105 2222 3139 a
2252 3105 2308 3140 se
2341 3092 2402 3140 il-

1333 3158 1435 3205 lato
1459 3163 1615 3205 teneri
1643 3165 1826 3220 putant
1849 3159 1929 3219 (V.
1942 3160 2157 3223 ampla.
2176 3161 2263 3218 111,
2281 3163 2401 3223 579).

1277 3232 1282 3295 l
1332 3230 1519 3278 Contra
1553 3229 1736 3276 Duard.
1771 3231 1855 3278 cit.
1885 3231 2009 3280 Can.
2043 3233 2087 3286 9,
2115 3245 2163 3295 q.
2197 3234 2266 3291 12,
2288 3248 2335 3281 n.
2365 3236 2403 3282 l.

1391 3300 1421 3344 6
1455 3301 1508 3346 L.
1539 3302 1569 3345 5
1603 3302 1675 3347 De
1709 3302 1860 3349 Poen.
1894 3301 1968 3348 131
2002 3303 2096 3352 CC.
2131 3305 2164 3358 1,
2208 3306 2278 3351 14.
2307 3306 2406 3355 Qui

1329 3374 1399 3429 fil.
1431 3374 1541 3417 sint
1572 3374 1724 3430 Leoie.
1754 3370 1821 3419 Ut
1853 3378 1976 3435 puta
2008 3374 2053 3420 si
2088 3373 2188 3421 duo
2224 3376 2398 3422 matri·

1335 3444 1560 3489 monium
1610 3444 1808 3491 irritum
1860 3447 2219 3499 contraxerint,
2267 3446 2396 3495 alter

1331 3515 1511 3566 sciens.
1545 3515 1673 3562 alter
1710 3517 1948 3576 ignorans
1981 3520 2028 3572 (5
2059 3518 2136 3565 56.
2169 3518 2268 3575 65);
2314 3517 2394 3565 val

1328 3588 1526 3633 crimen
1551 3584 1863 3638 admiserint.
1890 3596 1939 3633 et
1957 3590 2163 3648 nuptias
2187 3589 2319 3635 inter
2340 3601 2396 3637 se

163 3660 446 3708 Accessorii
479 3658 637 3705 latine
666 3658 875 3708 conecti,
912 3655 1063 3717 vulgo
1093 3668 1226 3703 cont-
1326 3657 1458 3704 coire
1480 3655 1655 3704 velint.
1676 3657 1819 3705 Adde
1837 3658 1889 3706 C.
1918 3660 1981 3704 12.
2008 3662 2078 3706 De
2103 3661 2365 3715 sepuleur.
