2548 4042
138 20 243 86 '388
384 45 507 83 rans
542 46 694 85 rann
714 58 738 71 ·
760 45 1128 90 nomentum
1148 56 1173 69 -
1194 31 1366 86 maer.
1389 44 1455 84 vi.
1468 0 1571 91 'nir
1587 39 1764 86 mauis
1791 42 1855 85 tr
1871 28 1949 85 eii
1973 94 1978 97 ,

130 146 167 180 ‹
197 130 331 183 cato
372 126 711 182 nominatim
750 142 787 183 a
825 127 982 198 Papa
1022 124 1082 183 in
1122 128 1367 184 crimine
1407 126 1733 192 criminoso,
1762 126 1818 185 01
1858 128 2086 185 scilicet
2104 88 2467 202 impenzf''‘z.'5
2491 190 2505 206 -.

133 236 166 267 ‹
195 215 385 270 dendo
410 216 706 270 auxilium
748 216 841 272 vel
885 216 1140 271 favorem
1165 214 1292 289 (14).
1329 216 1432 272 17⁰.
1462 214 1714 273 Clericos
1753 217 2012 275 scienter
2052 220 2111 275 et
2150 225 2364 290 sponte

129 323 164 354 ⁴<
198 304 691 359 communicantes
723 305 779 360 in
813 305 1029 360 divinis
1058 321 1187 362 cum
1221 306 1479 376 personis
1505 321 1541 362 a
1569 306 1635 360 R.
1666 307 1725 360 Ρ.
1757 307 2095 363 nominatim
2132 323 2359 379 excom-

133 414 164 444 «
195 393 524 457 municatiS,
554 398 615 449 et
656 395 805 464 ipsos
847 395 903 449 in
944 396 1150 450 officiis
1192 395 1547 467 recipientes
1587 392 1717 468 (15).
1758 396 1861 452 His
1913 398 2163 453 addendi
2220 401 2367 454 suut

134 504 163 533 «ι
195 485 447 537 absolvero
502 490 906 554 praesumentes,
945 488 1055 539 sine
1109 487 1270 539 debita
1319 487 1583 552 facultate
1621 488 1772 540 otiam
1813 488 1987 555 quovis
2032 493 2270 557 pretextu
2325 501 2364 540 a

131 575 370 626 censuris
410 573 474 626 R.
506 572 563 626 P.
594 575 910 628 reservatis
951 590 993 629 s.
1027 591 1096 629 m.
1132 595 1159 626 »
1188 575 1321 646 (16).

179 796 828 838 EXCOMMUNICATIONES
857 798 907 837 L.
939 798 983 838 S.
1015 798 1332 848 EPISCOPIS,
1355 798 1488 839 SIVE
1517 797 1863 839 ORDINARIIS
1894 799 2322 841 RESERVATAR.

208 940 334 995 393.
356 938 457 993 His
486 940 1186 996 excommunicationibus
1213 941 1523 1011 subjacent
1547 959 1575 993 «
1600 941 1666 995 1⁰.
1690 939 1896 996 Clerici
1928 941 1984 995 in
2015 941 2195 997 sacris
2223 956 2361 997 con·

134 1048 163 1077 «
195 1029 392 1083 stituti
424 1029 514 1084 vel
547 1030 890 1099 RegulareS‚
920 1033 1024 1086 aut
1061 1030 1345 1086 Moniales
1387 1034 1511 1101 post
1539 1032 1738 1085 votum
1779 1032 2037 1086 solemne
2072 1030 2369 1087 castitatis

129 1137 162 1169 «
193 1119 623 1174 matrimonium
654 1121 999 1175 contrahere
1026 1124 1489 1190 praesumentes;
1511 1117 1619 1176 nec
1644 1136 1755 1176 non
1783 1136 1983 1176 omnes
2006 1137 2135 1176 cum
2159 1121 2366 1193 aliqua

131 1227 162 1259 ‹
193 1223 269 1263 ex
310 1209 622 1277 praedictis
649 1210 912 1278 personis
943 1210 1373 1264 matrimonium
1402 1212 1751 1266 contrahere
1794 1215 2236 1281 praesumentes
2266 1210 2367 1284 (1).

133 1317 163 1347 «
194 1296 267 1351 2⁰.
298 1298 683 1353 Procurautes
722 1299 989 1352 abortum
1030 1299 1243 1355 effectu
1273 1303 1519 1371 sequuto
1542 1301 1635 1372 (2).
1666 1301 1738 1356 3⁰.
1770 1301 1979 1356 Literis
2010 1301 2366 1371 Apostolieis

2467 277 2548 388 1

2531 395 2548 435 ’.ἓ

2540 439 2548 463 1

131 1407 162 1439 ‹
192 1386 355 1443 salsis
395 1387 651 1442 scienter
694 1389 946 1450 utentes,
977 1388 1070 1443 vel
1112 1388 1339 1443 crimini
1382 1389 1441 1443 in
1485 1404 1555 1444 ea
1595 1405 1658 1444 re
1700 1394 2077 1460 cooperantes
2103 1390 2200 1463 (3).

132 1612 233 1645 606
253 1598 374 1644 item
388 1599 554 1653 (secus
570 1610 626 1642 ac
644 1597 811 1655 antea)
825 1596 911 1656 qui
929 1595 1197 1642 consilium

133 1671 407 1730 praestant.
442 1669 590 1714 Porro
635 1668 780 1713 venia
817 1681 847 1713 a
878 1666 1023 1715 Card.
1052 1666 1195 1713 Urbis

133 1740 237 1787 Vic.
287 1739 455 1785 danda
503 1745 606 1791 est;
657 1739 744 1784 sed
791 1742 961 1784 utrum
1005 1739 1196 1797 scripto

132 1811 359 1872 ejusdem
379 1810 711 1856 subscritione
730 1813 779 1854 et
797 1809 966 1868 sigillo
987 1809 1195 1862 munito,

134 1887 194 1928 ut
217 1880 399 1928 antea?
427 1881 655 1926 Affirmat
679 1881 939 1933 Avanzini,
963 1885 1114 1939 negat
1137 1879 1198 1925 cl.

133 1952 414 1999 Pennacchi
436 1966 479 2011 p.
498 1952 607 1996 1037
622 1957 693 1997 :et
714 1953 898 1997 verius:
921 1951 1043 1997 haec
1062 1952 1195 1997 enim

133 2023 198 2070 ad
218 2023 449 2082 formam
483 2024 758 2082 pertinent3
793 2021 994 2081 quando
1024 2025 1194 2067 autem

130 2095 302 2143 Const.
327 2098 498 2140 nostra
530 2093 742 2140 formam
778 2106 976 2153 quoque
1004 2093 1194 2138 servari

131 2165 307 2218 voluit,
338 2164 390 2210 id
417 2165 575 2225 jussit
611 2164 772 2210 verbis
813 2164 1069 2223 expressis
1117 2163 1193 2218 (V.

131 2236 227 2282 hoc
253 2240 283 2291 5
305 2249 353 2283 n.
387 2236 449 2288 6).

196 2308 249 2352 14
282 2308 334 2355 C.
367 2307 427 2351 29
458 2308 682 2356 DeS.E',
716 2306 775 2351 V.
808 2311 835 2360 ἕ
927 2342 935 2350 .

195 2380 249 2424 15
270 2378 323 2426 C.
355 2380 405 2422 18
439 2379 513 2424 De
546 2379 591 2422 S.
615 2379 667 2421 E.
695 2376 748 2422 V.
779 2382 807 2431 ἓ
831 2377 934 2430 362,
956 2377 1027 2421 26.

194 2450 248 2494 16
273 2451 323 2498 C.
345 2451 401 2494 A.
424 2451 467 2494 S.
489 2450 515 2506 g
539 2452 581 2492 A
605 2451 803 2506 quibus.
827 2447 901 2492 Ex
937 2448 989 2494 Β.
1009 2448 1060 2496 C.
1082 2449 1196 2506 post

131 2521 161 2579 g
181 2520 252 2564 20.
271 2533 316 2565 v.
340 2522 479 2570 Quod
496 2523 541 2563 si
557 2520 708 2574 for-te.
727 2518 865 2564 Decr.
886 2518 1039 2566 Clem.
1061 2517 1194 2564 VIII.

129 2591 160 2635 9
176 2591 286 2637 Jan.
310 2591 440 2635 1601.
455 2593 579 2635 Ante
594 2590 646 2637 C.
663 2594 747 2646 Ap.
765 2589 909 2635 Sedis
930 2588 1192 2635 absolven-

128 2664 208 2707 tes
225 2675 255 2706 a
272 2659 473 2706 casibus
495 2661 765 2706 reservatis
785 2661 834 2704 in
854 2661 908 2706 B.
927 2662 982 2707 C.
1000 2673 1196 2705 excom-

131 2732 370 2779 municat.
405 2731 742 2786 incurrebant,
770 2731 858 2776 sed
893 2731 1078 2784 verius,
1102 2744 1191 2775 ne-

128 2805 255 2850 mini
277 2808 583 2849 reservatam
604 2802 763 2857 (Suar.
780 2801 852 2857 22,
871 2803 916 2858 5,
932 2804 991 2850 2).
1008 2801 1193 2846 Verum

130 2875 177 2921 si
199 2876 314 2935 quis
349 2874 410 2920 ab
436 2875 524 2927 eis,
549 2873 764 2934 aliisque
800 2873 1072 2927 nonnullis,
1095 2875 1145 2917 et
1168 2887 1195 2918 a

130 2946 335 2992 casibus
370 2944 430 2990 ab
462 2943 742 2991 Ordinariis
777 2943 998 2990 locorum
1028 2957 1189 2989 reser-

132 3018 280 3067 vatis,
315 3021 582 3075 praetextu
613 3015 912 3061 facultatum
947 3017 996 3059 et
1032 3015 1189 3074 privi-

130 3087 374 3146 legiorum
410 3086 712 3132 absolvisset
745 3087 879 3131 intra
911 3086 1111 3131 Italiam
1145 3090 1197 3131 et

135 3162 278 3203 extra
296 3156 476 3202 Urbem
498 3156 780 3203 incurrebat
803 3170 1045 3202 excomm.
1067 3157 1120 3203 R.
1141 3157 1191 3201 P.

130 3231 441 3275 reservatam
482 3229 550 3281 (S.
585 3229 638 3275 C.
684 3229 810 3287 Epp.
849 3229 877 3270 9
915 3228 1022 3274 Jan.
1068 3229 1196 3282 1601,

135 3299 195 3343 26
210 3297 335 3344 Nov.
362 3298 652 3357 1602‚jussu
676 3299 830 3347 Clem.
858 3297 1006 3355 VIII).
1035 3299 1194 3344 Hodie

131 3369 253 3416 huic
289 3371 795 3415 excommunicationi
830 3373 952 3415 sunt
989 3369 1195 3415 obnoxii

132 3442 187 3488 hi
221 3440 384 3488 solum
423 3442 508 3499 qui
555 3440 825 3485 absolvunt
864 3455 892 3486 a
925 3441 1194 3486 reservatis

133 3513 190 3559 R.
224 3512 275 3557 P.
310 3525 348 3558 s.
395 3525 472 3566 m.,
517 3515 565 3555 et
609 3511 793 3569 ubique
838 3511 1058 3556 locorum
1103 3510 1190 3556 ob-

130 3585 270 3629 noxii
290 3586 431 3628 sunt:
452 3595 542 3627 nec
560 3582 846 3640 inquiritur,
866 3587 1036 3627 utrum
1058 3595 1197 3641 prae-

130 3658 280 3699 textu
325 3652 577 3713 privilegii
624 3651 856 3711 alicujus,
902 3666 963 3697 an
1007 3653 1190 3706 minus,

131 3723 442 3771 absolverint
470 3747 491 3758 -
524 3721 710 3768 Verum
756 3722 819 3767 ad
869 3735 978 3767 eam
1028 3723 1195 3769 incur·

1301 1597 1503 1643 rendam
1525 1611 1652 1656 opus
1676 1601 1754 1643 est
1787 1597 1845 1642 1⁰.
1873 1602 1929 1643 ut
1951 1596 2199 1652 absolvas,
2222 1597 2287 1646 2⁰.
2304 1600 2365 1646 ut
2455 1642 2458 1643 a

1299 1672 1496 1720 temere
1537 1670 1599 1714 3⁰.
1645 1672 1698 1714 ut
1740 1683 1769 1715 a
1811 1670 2039 1716 censuris
2080 1668 2358 1718 absolvas·

1299 1739 1621 1799 quamobrem
1645 1742 1687 1785 ei
1723 1741 1974 1795 eximeris‚
2010 1740 2054 1786 si
2083 1739 2367 1789 absolveris

1301 1810 1447 1857 verbo
1471 1814 1620 1857 tenus
1645 1811 1841 1866 (Bonae.
1870 1811 2007 1872 Disp.
2029 1813 2063 1858 l.
2083 1813 2137 1870 Q.
2158 1811 2229 1865 22,
2251 1812 2300 1859 Ρ.
2318 1812 2369 1867 3,

1300 1895 1346 1927 6.
1372 1883 1412 1927 3.
1428 1886 1458 1937 5
1479 1883 1582 1937 312,
1600 1883 1703 1940 7l)·
1727 1883 1802 1928 vel
1828 1896 1887 1927 ex
1914 1883 2364 1942 ignorantia31ieet

1300 1967 1471 2000 crassa
1497 1959 1544 1998 et
1573 1955 1757 2014 supina
1783 1955 1873 2006 (cit
1909 1955 1935 2011 g
1962 1954 2064 2008 312,
2089 1954 2190 2007 71);
2213 1953 2293 2000 vel
2315 1953 2360 2001 si

1300 2028 1498 2070 tantum
1519 2038 1547 2070 a
1566 2026 1787 2083 peccatis
1808 2025 1884 2077 (V.
1908 2025 1956 2071 S.
1983 2024 2132 2084 Alph.
2156 2024 2238 2079 vi,
2255 2024 2364 2079 265.

1298 2107 1342 2154 q.
1363 2096 1409 2149 3)
1427 2094 1700 2141 absolveris
1721 2095 1900 2141 Bonae.
1916 2109 1963 2142 6.
1981 2095 2023 2140 6.
2040 2095 2157 2155 ibiq.
2172 2094 2367 2150 Zabam,

1301 2165 1502 2213 Silvest.
1527 2165 1724 2226 Ugolin.

1367 2239 1382 2280 1
1422 2238 1576 2286 Clem.
1610 2237 1630 2282 1
1667 2239 1740 2284 De
1779 2239 2030 2295 Consano.

1358 2309 1387 2352 2
1424 2309 1607 2355 Xistus
1642 2309 1700 2355 V.
1732 2310 1785 2357 C.
1819 2311 2186 2366 Aeffrenatam.
2213 2308 2366 2369 Greg.

1299 2379 1428 2425 XIV.
1462 2382 1509 2426 C.
1537 2380 1689 2427 Sedes
1721 2382 2018 2437 Apostolica.

1359 2452 1388 2496 3
1419 2452 1471 2499 C.
1506 2454 1533 2495 7
1570 2455 1639 2498 De
1678 2453 1834 2498 Crim.
1866 2451 2009 2509 falsi.
2031 2451 2218 2496 Literis
2236 2451 2366 2508 Apo-

1297 2525 1515 2570 stolicis:
1553 2537 1671 2583 ergo
1705 2537 1814 2569 eam
1850 2537 1946 2568 606
1980 2524 2245 2569 incurrunt
2269 2521 2357 2584 qui

1297 2594 1439 2640 falsis
1474 2597 1765 2651 sequaturis
1798 2599 2027 2640 utuntur.
2063 2595 2267 2642 Utentes
2289 2606 2370 2640 ac·

1298 2668 1462 2726 cipere
1503 2665 1760 2718 debemus,
1792 2666 1876 2725 qui
1913 2678 1998 2710 eas
2033 2662 2273 2712 exhibent
2304 2667 2365 2710 ut

1298 2741 1526 2783 effectum
1582 2736 1763 2782 habere
1815 2738 2034 2796 possint:
2079 2735 2364 2792 Cooperan·

1300 2814 1373 2856 tes
1413 2810 1500 2867 qui
1544 2807 1808 2853 utentibus
1848 2819 2049 2866 operam
2100 2810 2363 2866 praestant

1298 2881 1346 2939 (ᾖ
1368 2879 1498 2934 322);
1526 2884 1575 2924 et
1607 2892 1704 2924 non
1728 2891 1811 2923 eos
1836 2878 1922 2937 qui
1946 2879 2144 2923 tantum
2170 2878 2359 2923 hortati

1296 2951 1497 3005 fuerint,
1533 2949 1610 2995 vel
1634 2948 1900 2995 consilium
1926 2947 2158 2994 dederint
2186 2947 2277 3006 (Ex
2303 2945 2363 2993 1.-

1299 3023 1365 3068 In
1378 3021 1517 3079 furti
1533 3021 1607 3075 51,
1623 3024 1652 3075 5
1666 3032 1819 3077 opem.
1835 3020 1908 3066 De
1922 3017 2091 3077 fura).
2110 3018 2298 3080 Nempe
2316 3019 2365 3065 si

1299 3098 1348 3139 et
1381 3094 1478 3154 ipsi
1502 3092 1710 3138 fecerint
1732 3093 1965 3142 scienter,
1998 3089 2119 3149 quia
2142 3101 2357 3149 aequum

1298 3177 1397 3211 non
1430 3163 1556 3209 foret
1588 3176 1701 3208 cum
1736 3160 2150 3220 delinquentibus
2186 3172 2357 3206 acces-

1299 3235 1448 3282 soriis
1483 3235 1661 3280 durius
1684 3246 1842 3293 agere.
1860 3231 1990 3279 Olim
2017 3231 2130 3277 laici
2154 3233 2356 3277 tantum

1299 3310 1443 3353 erant
1477 3305 1679 3352 obnoxii
1703 3302 2208 3349 excommunicationi
2228 3314 2240 3354 3
2261 3300 2359 3347 010-

1297 3380 1387 3425 rici
1421 3376 1681 3424 coercendi
1715 3378 1857 3421 erant
1894 3373 2174 3433 privatione
2207 3370 2355 3418 offleii

1297 3452 1347 3494 et
1377 3448 1606 3495 beneficii
1643 3447 1756 3505 (Cit.
1780 3445 1833 3493 C.
1861 3447 1888 3489 7
1917 3449 1944 3499 g
1967 3443 2101 3501 ult.):
2131 3442 2278 3488 hodie
2303 3445 2361 3487 et

1297 3519 1490 3571 Clerici,
1525 3519 1644 3579 quia
1677 3517 1758 3563 lex
1782 3529 1879 3562 606
1915 3514 2205 3574 distinguit3
2238 3511 2350 3558 ideo

1295 3603 1456 3650 poena
1497 3588 1798 3649 privationis
1842 3586 1990 3646 officii
2036 3589 2087 3630 et
2129 3581 2357 3630 beneficii

1295 3674 1429 3707 nunc
1452 3661 1627 3706 exulat
1655 3662 1701 3716 (ἓ
1717 3659 1820 3712 304,
1842 3658 1927 3711 12);
1957 3659 2130 3702 contra
2153 3653 2211 3700 cl.
2234 3651 2356 3700 Ber-

1295 3731 1477 3793 tapeue
1501 3731 1588 3785 111,
1611 3730 1711 3786 339,
1733 3731 1782 3774 et
1798 3727 1943 3777 cioni
1966 3731 1996 3782 s
2021 3726 2116 3772 145.
2133 3723 2233 3770 Nec
2255 3733 2362 3770 am·

2542 1870 2548 1876 .
2532 1823 2548 1850 ιθ

2523 2055 2548 2101 ,1

2508 2103 2548 2219 i
