2548 4042
100 0 205 70 406
349 28 476 68 uns
510 28 661 67 rmus
685 39 709 52 -
730 0 1098 67 monsacutus
1120 38 1147 52 -
1170 4 1343 67 macr.
1366 18 1448 65 vn.
1475 0 1541 68 ’ὁὶ
1566 0 2133 81 ’ιϋίιιιιιοῡί.λίιιὴῗι·ῑίἑίόἔ,ΫΥΗΙ
2163 0 2343 62 ’3³‘
2363 49 2385 93 .·*
2400 50 2407 93 .·

166 114 297 169 408.
338 113 439 166 Est
480 111 664 179 igitur
702 110 919 180 duplex
957 124 1150 180 genus
1178 109 1714 181 irregularitatum3
1757 126 1833 168 ex
1871 106 2106 178 delict0.
2146 93 2381 170 etex?
2405 95 2426 134 ‘²

88 201 347 258 defectu.
379 200 467 254 Ab
508 200 773 269 utrisque
813 198 1040 254 secrevi
1069 213 1187 263 eaS,
1217 213 1369 269 quae
1398 214 1471 254 ex
1499 201 1749 272 utroque
1778 200 1971 272 capite
2001 190 2340 259 consisteres
2408 176 2450 250 ’ἶ-

91 292 362 361 possunt3
394 290 453 342 et
483 302 584 342 eas
622 303 772 358 quae
812 287 1085 343 oriuntur
1124 303 1198 343 ex
1237 288 1469 344 delictis
1509 289 1722 360 quibus
1749 291 2023 348 cohaeret
2064 291 2330 357 infamia,

90 378 232 448 qnia
283 377 571 432 incertum
615 382 719 438 est,
781 379 971 431 utrum
1014 378 1417 433 accensendae
1467 378 1584 432 sint
1647 379 1735 434 his
1791 395 1942 451 quae
1985 395 2058 436 ex
2107 381 2326 437 delicto

94 468 384 529 oriuntur,
438 482 513 519 an
572 466 659 520 his
714 481 864 536 quae
916 466 1186 521 oriuntur
1246 482 1319 521 ex
1372 467 1608 540 (famae)
1659 469 1924 535 defectn3
1979 470 2050 527 de
2115 471 2339 541 quibus

101 555 343 626 proinde
373 555 611 611 seorsim
642 555 937 621 agendum
967 557 1094 611 erit.
1120 557 1291 610 Porro
1322 573 1432 611 non
1462 573 1693 629 semper
1724 559 2190 630 explorati²juris
2218 562 2338 624 est,

99 650 298 699 utrum
339 644 538 715 aliqua
584 644 990 712 irregularitas
1031 646 1108 700 sit
1149 662 1221 700 ex
1269 646 1499 710 delicte,
1544 662 1619 701 an
1661 663 1734 702 ex
1783 647 2044 712 defectu;
2097 649 2337 720 quoties-

97 734 283 804 igitur
325 743 638 803 utrumqne
682 742 769 788 est
811 735 1128 803 probabile,
1171 736 1490 790 tenendum
1519 739 1625 800 est,
1657 752 1783 792 eain
1825 752 1952 792 esse
1982 751 2056 792 ex
2085 737 2333 803 delict0;

92 824 235 895 quia
275 828 336 879 et
375 823 669 877 difficilius
711 823 1092 887 contrahitur,
1138 826 1196 879 et
1239 824 1466 879 facilius
1508 826 1829 895 dispensari
1884 827 2113 896 poterit.
2162 825 2337 883 Nunc

95 914 366 982 singulas
409 913 824 982 ingrediamur.
856 914 966 968 Sed
1007 916 1146 969 ante
1187 915 1624 984 omniajuverit
1656 915 2006 980 meminisse,
2035 917 2332 988 antiquio·

101 1018 197 1059 res
236 1001 344 1058 ΤΤ.
386 1003 565 1072 (inter
605 1018 750 1072 quos
790 1003 1009 1058 eminet
1038 1002 1308 1075 Majolus)
1351 1005 1406 1059 in
1442 1005 1980 1074 irregularitatibns
2021 1019 2339 1061 recensen-

94 1093 187 1148 dis
216 1093 395 1148 fnisse
437 1109 608 1163 quam
655 1093 1055 1147 effusissiinos:
1099 1096 1158 1149 et
1190 1094 1328 1149 licet
1362 1097 1708 1164 posteriores
1740 1094 2088 1151 Canonistae
2125 1110 2195 1150 ac
2221 1087 2333 1150 ΤΤ.

102 1183 386 1254 plurimas
405 1198 604 1237 earum
634 1184 991 1251 pedetentim
1013 1184 1358 1245 abraserint,
1386 1184 1761 1239 nihilominus
1789 1185 1981 1240 adhuc
2013 1185 2339 1240 nonnullae

99 1275 418 1343 supersunt
471 1288 507 1326 a
546 1274 683 1342 jure
733 1273 1014 1326 canonico
1065 1273 1357 1328 violenter
1405 1275 1689 1330 detortae.
1734 1274 1910 1329 Nobis
1967 1276 2192 1329 certum
2245 1274 2347 1329 est

90 1363 216 1434 juri
260 1362 587 1424 inhaerere,
630 1365 689 1416 et
730 1377 764 1416 a
807 1362 1060 1430 receptis
1102 1360 1394 1434 (superius
1428 1364 1762 1437 recensitis)
1792 1364 2217 1435 interpretandi
2249 1379 2342 1420 re·

98 1452 279 1523 guliS,
322 1467 394 1506 ne
437 1452 621 1505 latum
663 1452 898 1522 quidem
943 1467 1202 1520 unguem
1244 1453 1563 1507 discedere.

1045 1684 1278 1740 CAPUT
1323 1686 1386 1738 11.

696 1820 776 1860 DE
817 1819 1090 1860 SINGULIS
1132 1819 1759 1860 IRREGULARITATIBUS

617 1990 762 2042 Am.
812 1983 858 2039 l.
902 1988 981 2039 De
1019 1986 1501 2054 irreqularicatz'bus
1539 2002 1604 2041 ex
1644 1988 1838 2040 delicto.

183 2139 312 2192 409.
354 2138 833 2206 Iri-egularitates
874 2152 949 2191 ex
977 2135 1190 2190 delicto
1232 2136 1369 2190 sunt
1413 2135 1598 2190 instar
1628 2150 1941 2205 poenarum
1967 2135 2062 2207 (l).
2104 2136 2240 2191 Ideo
2267 2149 2346 2190 ex

113 2243 229 2283 uno
268 2228 459 2296 capite
503 2243 611 2281 non
657 2230 1100 2286 contrahuntur,
1135 2225 1243 2279 nisi
1286 2241 1359 2279 ex
1406 2225 1622 2279 delicto
1663 2242 1804 2280 vero
1831 2223 1926 2297 (2),
1971 2225 2223 2280 admisso
2269 2238 2352 2280 ex

108 2317 305 2372 animo
319 2316 417 2388 (3),
436 2319 775 2370 consumato
790 2314 881 2387 (4),
902 2320 963 2370 et
985 2316 1151 2383 gravi
1173 2313 1269 2387 (5);
1288 2315 1474 2383 gravi,
1501 2315 1755 2385 inquam,
1779 2318 1918 2370 actu
1943 2318 2067 2370 tum
2094 2316 2343 2379 interno,

186 2495 203 2538 1
241 2493 389 2541 Suar.
429 2494 501 2550 40,
542 2494 583 2547 3,
622 2494 664 2538 3.
699 2494 762 2538 Et
802 2495 949 2552 quasi
993 2506 1180 2553 poenae

1282 2505 1379 2554 qne
1414 2493 1474 2547 si,
1511 2507 1552 2539 v.
1579 2507 1635 2548 c.,
1653 2495 1771 2554 quis
1793 2493 1920 2540 falso
1942 2496 2149 2553 putans,
2172 2493 2348 2559 SeJum

121 2565 456 2623 gravissimae
489 2569 610 2610 sunt
639 2564 864 2623 (Cornej.,
891 2564 1069 2617 Avila„
1094 2565 1181 2610 Bo·

1287 2564 1595 2623 baptizatum
1624 2589 1645 2600 -
1674 2564 1751 2610 vel
1774 2578 1827 2610 se
1852 2577 2066 2610 censura
2094 2563 2353 2610 irretitum

129 2649 254 2690 nac„
287 2635 495 2682 Salmat.
524 2636 589 2690 10,
611 2635 651 2684 8,
679 2638 767 2689 44).
796 2637 995 2690 Iustam
1018 2636 1181 2695 primo

125 2707 260 2767 quia,
294 2721 392 2753 non
436 2708 487 2752 in
532 2720 758 2766 poenam,
802 2720 891 2751 nec
924 2708 973 2751 in
1009 2706 1180 2751 odium

132 2777 351 2839 aliqu'us
373 2780 595 2824 statutae
619 2781 754 2826 sunt:
784 2777 872 2823 sed
898 2780 1079 2836 suapte
1097 2790 1183 2821 na-

119 2850 238 2894 tura
264 2852 384 2894 sunt
409 2849 784 2908 impedimenta.
820 2848 1025 2893 Proinde
1050 2848 1112 2902 si,
1137 2859 1182 2893 v.

121 2931 179 2973 c.,
198 2919 253 2965 R.
273 2919 320 2964 P.
341 2919 603 2978 abrogaret
623 2919 797 2978 legem,
824 2931 950 2979 quae
970 2918 1183 2977 rebapti-

120 2994 295 3035 zantes
330 2991 449 3036 facit
483 2990 800 3050 irregulares,
834 2988 1182 3048 irregularitas

121 3063 271 3106 antea
304 3075 363 3105 ex
398 3061 491 3107 hoc
526 3062 705 3106 delicto
730 3064 988 3106 contracta
1017 3063 1183 3114 (secus

124 3145 184 3178 ac
217 3146 418 3191 poenae,
463 3136 512 3179 et
549 3134 808 3189 censurae)
864 3134 1185 3176 evanesceret

129 3202 291 3262 (Suar.
324 3205 396 3256 41,
434 3205 469 3258 l,
504 3205 560 3258 7).
598 3203 786 3248 Deinde
827 3204 991 3262 magis
1032 3202 1182 3247 bene-

121 3273 312 3329 ficium,
331 3273 549 3318 favorem
572 3274 818 3326 adimunt,
840 3287 990 3333 quam
1013 3273 1185 3332 poenis

129 3344 504 3405 delinquentem
547 3345 770 3389 afficiunt
802 3345 881 3401 (V.
917 3349 946 3399 5
977 3346 1081 3400 300,
1115 3347 1185 3402 2);

124 3420 174 3463 ct
206 3417 318 3462 ideo
351 3429 709 3475 nonnunquam
747 3416 806 3461 ob
831 3416 1030 3474 culpam
1066 3428 1187 3476 quo-

128 3500 227 3547 qne
260 3486 459 3533 civilem
506 3487 884 3531 contrahuntur.
921 3486 1029 3532 Non
1063 3485 1186 3531 bene

123 3558 284 3616 igitur
317 3557 541 3616 quidam,
571 3558 618 3600 in
647 3557 725 3600 his
751 3556 944 3603 Sebast.
965 3557 1186 3610 Berardi,

121 3640 211 3673 eas
247 3642 358 3673 vere
392 3640 547 3688 penas
583 3640 692 3671 esse
728 3628 1079 3685 pronunciant.

181 3697 214 3741 2
245 3697 455 3746 Salmat.
494 3697 560 3751 10,
595 3699 637 3753 8,
671 3700 743 3743 00.
767 3698 822 3742 V.
847 3704 873 3752 ἓ
894 3699 999 3755 296,
1021 3700 1062 3744 3.
1087 3699 1188 3745 Ita-

1283 2648 1407 2688 esse,
1438 2635 1661 2695 baptizat
1686 2661 1706 2669 -
1734 2638 2010 2689 consecrat,
2032 2649 2130 2681 non
2155 2638 2358 2682 contra·

1285 2706 1360 2751 hit
1394 2706 1819 2764 irregularitatem
1854 2706 2031 2765 (Salm.
2068 2707 2099 2752 l.
2133 2708 2208 2763 c.).

1344 2777 1372 2819 3
1406 2776 1609 2822 Silvest.
1643 2776 1849 2823 Navarr.
1874 2778 1947 2833 27,
1977 2778 2070 2823 193.
2096 2777 2237 2838 Sayr,
2268 2776 2353 2833 vl,

1283 2847 1326 2901 2,
1364 2849 1429 2892 17.
1475 2846 1617 2893 Suar.
1659 2849 1725 2905 11,
1767 2849 1810 2899 3,
1850 2849 1915 2893 14.
1961 2847 2178 2908 Ideoque
2225 2861 2342 2908 pro·

1286 2918 1409 2978 prio,
1438 2931 1535 2964 non
1561 2918 1722 2964 alieno
1746 2917 1826 2975 (V.
1850 2918 1896 2963 S.
1922 2917 2071 2977 Alph.
2092 2917 2199 2975 VII,
2225 2917 2357 2976 348).

1286 2988 1490 3045 Verum,
1511 3002 1639 3050 quae
1657 2988 1718 3035 ob
1740 2989 1901 3035 solam
1924 2989 2123 3048 culpam
2145 2987 2348 3035 civilem

1287 3061 1586 3118 irrogantur,
1628 3059 1735 3106 sola
1771 3061 1919 3120 culpa
1964 3059 2099 3105 civili
2145 3062 2346 3105 contra·

1288 3132 1496 3186 huntur,
1531 3132 1660 3177 utin
1686 3133 1737 3180 C.
1774 3131 1863 3177 ult.
1889 3131 1965 3179 De
1987 3132 2167 3178 homic.
2201 3131 2252 3176 in
2285 3130 2358 3176 6⁰.

1348 3206 1374 3246 4
1409 3202 1551 3248 Suar.
1589 3203 1661 3259 40,
1694 3203 1735 3251 3.
1761 3216 1839 3247 nn.
1870 3204 1912 3255 5,
1944 3203 2008 3246 13.
2034 3201 2187 3247 Salm.
2216 3202 2286 3256 10,
2306 3204 2351 3257 7,

1295 3273 1359 3319 13.
1395 3273 1442 3318 S.
1478 3272 1627 3333 Alph.
1662 3272 1768 3325 VII,
1803 3274 1906 3318 348.
1939 3271 2048 3318 Non
2093 3272 2150 3318 flt
2187 3272 2353 3331 igitur

1290 3344 1584 3404 irregularis
1634 3345 1719 3404 qui
1766 3344 2019 3389 hominem
2072 3341 2359 3388 mortaliter

1292 3416 1589 3464 vulneravit,
1622 3416 1665 3460 si
1711 3415 1794 3460 ille
1837 3428 1897 3459 ex
1942 3413 2185 3461 miraculo
2223 3425 2347 3460 con-

1291 3487 1508 3532 valuerit
1540 3486 1703 3544 (Sayr.
1738 3485 1819 3539 VI,
1857 3485 1902 3538 2,
1934 3484 2025 3535 30›.

1349 3559 1377 3600 5
1411 3558 1554 3604 Snar.
1593 3557 1666 3609 40,
1699 3558 1739 3608 3,
1779 3557 1849 3601 l7.
1893 3555 2046 3602 Salm.
2100 3555 2164 3609 10,
2206 3557 2248 3611 7,
2285 3554 2360 3599 12.

1292 3629 1340 3676 S.
1361 3628 1508 3688 Alph.
1526 3627 1744 3681 V11,348‚
1761 3628 1861 3671 377.
1880 3625 2095 3684 Ideoque
2113 3639 2211 3672 non
2229 3636 2353 3672 casn

1292 3698 1533 3753 admisso,
1566 3712 1656 3745 nec
1689 3697 1839 3758 culpa
1876 3695 2011 3741 civili
2049 3699 2093 3752 (ξ
2123 3695 2219 3749 297,
2266 3693 2370 3751 l9l‚
