2548 4042
154 210 329 248 omnes
365 196 532 248 simul
568 210 669 265 pro
709 210 829 251 una
869 197 1087 254 motiva
1128 204 1544 271 computantur
1580 201 1716 273 (14).
1756 203 1855 261 Sin
1885 206 2118 264 demum
2157 172 2541 283 [111κὶ86...ιί

154 283 201 337 si
235 297 308 338 ne
351 297 469 337 una
508 283 743 354 quidem
786 286 1003 341 motiva
1042 287 1119 343 sit
1161 304 1320 354 vera,
1350 292 1697 363 rescriptum
1731 294 1950 353 nullius
1978 299 2254 355 momenti
2285 301 2396 359 est.

152 371 315 435 Quod
358 372 406 427 si
453 388 567 427 uno
609 375 891 446 rescripto
931 377 1044 431 duo
1109 378 1533 448 impetraveris,
1593 386 1654 438 et
1708 384 1915 454 petitio
1969 388 2155 458 quoad
2217 403 2397 447 unum

156 460 334 517 suerit
374 462 727 533 subreptitia
768 464 863 520 vel
905 467 1239 537 obreptitia,
1283 470 1648 541 rescriptum,
1692 474 1882 543 quoad
1923 474 2196 541 alterum,
2239 477 2287 534 si
2318 477 2398 536 fe·
2492 535 2494 537 ,

154 551 308 607 ceris
359 553 511 607 bona
570 554 700 617 fide,
751 559 938 611 ratum
995 561 1112 622 est;
1164 559 1254 613 sin
1310 559 1464 614 mala
1520 561 1765 627 irritum,
1807 566 1863 618 in
1899 569 2252 635 perversitatis
2279 585 2420 640 gum·¹
2542 636 2548 643 ι

153 658 277 695 nam
309 640 449 712 (15);
486 643 732 715 ideoque
773 646 942 715 ajunt
984 651 1111 717 post
1149 649 1507 704 sententiam
1540 650 1760 721 ⁸iudicis
1802 655 2030 710 tantum
2058 656 2190 727 (16).

227 729 355 787 239.
405 733 480 787 At
528 749 667 789 vero
717 738 911 790 utrum
962 737 1166 805 petitio
1205 739 1557 809 subreptitia
1598 742 1848 798 dicenda
1888 745 1982 808 sit,
2033 749 2093 802 et
2141 746 2396 806 maxime

156 823 354 876 utrum
384 822 716 893 obreptitia,
741 825 846 880 hoc
867 827 1162 881 aestimari
1188 830 1417 899 oportet
1441 845 1513 884 ex
1537 845 1604 884 eo
1630 836 1890 902 tempore
1913 850 2027 905 quo
2049 837 2245 905 gratia
2266 852 2400 894 con-

155 910 411 980 ceditur3
442 913 669 969 scilicet
699 930 770 970 ea
798 916 1078 980 clausula,
1103 921 1153 971 si
1178 935 1300 972 vera
1331 921 1437 973 sint
1463 923 1709 991 exposita,
1732 938 1800 977 eo
1830 929 2078 994 spectat,
2107 941 2178 981 ne
2200 927 2400 996 gratia

155 1002 515 1057 concedatur
554 1003 682 1059 sine
725 1020 926 1060 causa:
970 1009 1342 1077 quamobrem
1386 1025 1564 1064 causa
1604 1014 1744 1066 tunc
1801 1014 2007 1070 adesse
2049 1015 2226 1071 debet
2265 1029 2398 1072 cum

154 1092 642 1166 rescribitur(l7).
667 1095 871 1166 Itaque
895 1096 941 1151 si
967 1099 1109 1151 tunc
1132 1098 1300 1162 desit,
1326 1100 1470 1154 nihil
1494 1103 1726 1171 prodest
1750 1106 1796 1158 si
1822 1105 1968 1160 sorte
1989 1106 2231 1160 suberat
2254 1105 2398 1176 peti-

154 1180 329 1236 tionis
359 1184 638 1253 tempore,
668 1187 771 1239 aut
800 1186 847 1239 si
881 1196 1007 1255 post
1035 1189 1288 1256 gratiam
1322 1191 1656 1259 expeditam
1688 1195 2098 1263 supervenerit
2125 1192 2262 1269 (18):
2293 1195 2390 1252 vel

152 1271 200 1325 si
235 1271 310 1335 id,
339 1273 489 1343 quod
519 1274 886 1329 reticendum
920 1291 1033 1330 non
1064 1277 1189 1341 fuit,
1219 1282 1633 1349 supervenerit
1664 1287 1788 1352 post
1818 1300 1948 1339 eam
1991 1285 2233 1355 petitam
2263 1284 2392 1359 (19).

150 1361 243 1426 Et,
275 1377 349 1417 ex
372 1362 623 1427 diverSO,
648 1364 694 1418 si
728 1366 869 1419 tunc
899 1366 1104 1429 subsit,
1131 1367 1273 1422 nibil
1299 1370 1488 1424 oberit
1511 1370 1557 1425 si
1591 1371 1737 1428 forte
1759 1376 1938 1429 antea
1967 1374 2236 1430 defuerat
2261 1372 2395 1448 (20),

157 1581 313 1629 Salm.
343 1582 387 1637 9,
414 1583 481 1637 14,
515 1582 587 1628 36.
622 1583 670 1629 S.
701 1583 850 1643 Alph.
882 1582 919 1639 1,
960 1584 1058 1631 185.
1082 1585 1137 1630 V.
1165 1599 1222 1641 c.,

151 1655 195 1699 si
225 1653 406 1699 mulier
426 1656 568 1714 petat
591 1654 1022 1714 dispensationem
1050 1658 1222 1702 matri·

149 1723 418 1771 monialem
453 1724 515 1771 ob
548 1730 779 1779 aetatem,
815 1730 865 1771 et
898 1726 1031 1772 dotis
1080 1727 1218 1773 defe-

151 1799 315 1850 ctum;
351 1801 400 1841 et
434 1796 547 1842 dote
581 1810 678 1842 non
718 1801 898 1843 careat.
941 1797 1049 1844 Nisi
1093 1798 1219 1844 forte

152 1866 301 1926 plura
332 1867 551 1925 petierit,
584 1871 633 1913 et
665 1868 885 1928 singulis
917 1871 1087 1915 causis
1117 1871 1223 1915 sin-

148 1937 300 1997 gulae
334 1938 738 1998 dispensationes
765 1946 997 1986 coereant
1020 1941 1218 1999 (Laym.

149 2008 227 2062 22,
247 2009 342 2062 25).
369 2008 534 2055 Veluti
559 2012 602 2055 si
631 2010 875 2057 obstricta
908 2016 1024 2059 voto
1058 2012 1214 2057 casti-

150 2078 289 2132 tatis,
304 2083 507 2139 propter
523 2080 921 2128 incontinentiae
936 2083 1221 2142 periculum

151 2149 278 2196 velit
294 2150 504 2206 nubere;
530 2156 580 2196 et
602 2152 751 2202 affini,
769 2157 972 2212 propter
995 2154 1219 2200 locorum

157 2223 635 2281 angustias,nubere
651 2224 792 2269 velit:
809 2226 980 2285 itaque
994 2226 1036 2271 si
1055 2226 1223 2273 nullae

153 2292 258 2338 sint
287 2293 555 2351 angustiae
578 2293 673 2341 loci
703 2295 890 2341 nubere
913 2297 1116 2356 quidem
1141 2311 1225 2356 po-

162 2364 296 2420 terit,
310 2363 398 2409 sed
416 2378 515 2410 non
535 2364 685 2412 affini.
700 2365 755 2411 V.
769 2366 839 2411 De
854 2367 985 2412 Just.
1002 2367 1038 2421 1,
1060 2368 1225 2414 IV.93.

221 2436 272 2478 14
298 2434 435 2479 Pont.
459 2435 519 2480 M.
542 2435 671 2489 VIII,
699 2438 764 2490 17,
789 2439 861 2483 41.
884 2437 956 2483 De
979 2438 1111 2484 Just.
1135 2439 1222 2494 ΙΙΙ,

163 2507 201 2559 1,
231 2506 303 2550 64.
328 2505 480 2552 Salm.
505 2508 588 2552 cit.
611 2522 656 2552 n.
684 2509 757 2554 36.
778 2508 948 2554 Veluti
974 2511 1017 2555 si
1045 2510 1226 2555 mulier

153 2580 294 2637 petat
328 2575 461 2622 affini
498 2578 698 2634 nubere,
722 2594 778 2625 eo
813 2582 939 2637 quod
969 2582 1075 2642 jam
1109 2595 1225 2627 cum

153 2661 211 2694 eo
245 2648 361 2694 iniit
393 2650 663 2708 sponsalia,
690 2654 738 2694 et
763 2665 912 2710 aegra
937 2652 1223 2697 valetudine

154 2720 239 2773 sit,
269 2722 319 2763 et
350 2719 481 2776 so1a;
509 2733 599 2765 nec
625 2734 797 2766 verum
822 2723 890 2766 sit
913 2723 1071 2768 solam
1097 2736 1223 2768 esse.

219 2789 271 2835 15
303 2790 355 2836 C.
388 2791 447 2834 20
482 2794 552 2838 De
585 2793 842 2849 Rescript.

222 2862 274 2906 16
296 2859 492 2909 Rebuff.
508 2863 585 2910 De
605 2865 871 2909 Nominat.
896 2864 946 2908 P.
970 2863 1053 2917 IX,
1077 2878 1122 2908 n.
1155 2863 1225 2907 49.

158 2932 338 2978 Sanch.
364 2932 424 2977 M.
450 2933 582 2984 VIII,
615 2934 688 2989 21,
722 2936 795 2981 78.
819 2934 891 2981 De
925 2935 1058 2981 Just.
1082 2935 1118 2989 1,
1144 2933 1226 2988 1v,

157 3004 229 3049 36.
254 3003 330 3048 Ad
356 3005 478 3051 haec
503 3005 674 3064 plures
710 3010 898 3062 tenent,
929 3007 1223 3066 petitionem

156 3087 266 3119 esse
301 3074 639 3134 obreptitiam‚
672 3079 716 3123 si
751 3078 1014 3124 vinculum
1053 3092 1083 3123 a
1128 3090 1226 3137 quo

153 3145 282 3191 solvi
318 3147 547 3204 postulas
583 3150 652 3193 sit
681 3152 894 3204 certum,
917 3154 1072 3209 tuque
1098 3147 1227 3194 illud

154 3219 476 3275 proposueris
527 3221 674 3277 quasi
726 3220 938 3267 dubium
963 3236 976 3275 3
1022 3221 1226 3280 quippe,

156 3287 316 3346 ajunt,
333 3298 480 3332 error
505 3295 581 3335 est
602 3295 655 3335 in
680 3294 975 3337 substancia
998 3293 1086 3338 rei.
1106 3290 1227 3350 Opi-

155 3358 354 3402 nionem
389 3357 519 3404 hanc
555 3362 779 3406 omnium
818 3362 1028 3421 primus,
1051 3362 1127 3406 uti
1158 3361 1227 3406 vi·

155 3428 319 3483 detur,
354 3429 571 3488 protulit
607 3430 787 3477 Sanch.
812 3432 873 3477 M.
900 3432 1030 3487 VIII,
1053 3433 1125 3486 21,
1150 3432 1232 3486 403

160 3500 281 3545 etin
308 3513 414 3545 eam
441 3500 654 3560 pedibus
680 3504 879 3548 iverunt
902 3503 1082 3549 Bonae.
1106 3503 1162 3560 Q.
1185 3503 1229 3555 2,

157 3571 210 3615 P.
235 3571 279 3625 4,
303 3585 349 3616 n.
375 3574 420 3626 7,
452 3571 629 3627 Collet,
664 3573 874 3631 aliique3
907 3587 1023 3620 cum
1055 3579 1230 3620 votum

157 3644 373 3687 dubium
396 3644 489 3700 (ait
511 3643 715 3702 Bonae.)
748 3657 853 3690 non
879 3648 954 3690 sit
983 3659 1102 3694 vere
1136 3659 1225 3691 vo·

160 3717 284 3759 tum.
310 3712 387 3759 Ita
409 3727 571 3773 porro,
597 3715 640 3759 si
666 3717 755 3760 aut
778 3714 920 3760 nulla
942 3729 1097 3761 causa
1119 3729 1230 3774 pro·

1327 1578 1546 1636 ponitur,
1587 1588 1677 1626 aut
1719 1582 1884 1629 solum
1917 1583 2215 1643 impulsiva:
2250 1589 2318 1642 at,
2351 1588 2396 1635 si

1327 1662 1481 1695 causa
1500 1652 1688 1697 motiva
1713 1666 1810 1698 non
1841 1653 1998 1710 deest,
2020 1654 2143 1716 quid
2175 1654 2398 1717 amplius

1327 1718 1681 1768 desideratur?
1708 1723 1771 1768 Et
1796 1730 1927 1771 certe
1962 1731 2052 1772 aut
2079 1725 2405 1788 dispensator

1329 1790 1480 1838 verba
1527 1792 1630 1848 dat,
1674 1799 1762 1840 aut
1806 1808 1919 1842 vere
1953 1795 2217 1858 dispensat
2249 1797 2399 1861 quasi

1328 1861 1423 1908 sub
1448 1864 1535 1910 boc
1559 1866 1713 1911 tacito
1747 1867 1910 1923 modo,
1941 1870 1988 1913 si
2018 1863 2121 1915 vot‘i
2153 1869 2395 1928 oblioatio

1328 1935 1513 1980 subest.

1395 2007 1443 2049 l7
1479 2007 1553 2051 Ex
1577 2007 1630 2055 C.
1657 2009 1685 2053 6
1714 2009 1787 2055 De
1817 2009 2167 2067 Con-sananim
2199 2012 2252 2056 et
2282 2011 2335 2060 C.
2367 2010 2398 2057 9

1330 2077 1404 2124 De
1428 2077 1678 2135 Rescript.
1702 2082 1751 2125 in
1776 2080 1841 2126 6⁰.
1867 2080 2005 2126 Pont.
2028 2080 2090 2128 M.
2113 2080 2244 2133 vm,
2262 2081 2334 2135 20,
2357 2082 2400 2129 1.

1394 2149 1446 2193 18
1478 2150 1571 2197 CC.
1598 2150 1640 2202 6,
1675 2150 1716 2204 9,
1752 2150 1780 2195 1.
1805 2165 1847 2197 c.
1874 2150 2054 2198 Sanch.
2080 2151 2143 2198 M.
2165 2150 2301 2208 VIII,
2323 2153 2399 2208 30,

1328 2233 1412 2265 nn.
1431 2220 1472 2271 2,
1491 2226 1533 2265 4.
1557 2221 1696 2266 Pont.
1721 2221 1853 2276 VIII,
1876 2223 1950 2277 20,
1977 2224 2013 2270 l.
2035 2222 2205 2270 Veluti
2228 2222 2275 2270 si
2297 2221 2398 2286 duo

1329 2292 1691 2351 consanguinei
1737 2295 1914 2352 petant
1962 2293 2396 2354 dispensationem

1330 2362 1680 2408 connubialem
1715 2365 1774 2410 ad
1806 2363 1969 2411 filium
1993 2365 2398 2426 legitimandum,

1328 2434 1412 2492 qui
1449 2434 1526 2478 vel
1562 2439 1676 2479 ante
1710 2448 1818 2481 earn
1854 2437 2177 2496 impetratam
2205 2435 2396 2483 obierat

1331 2505 1436 2562 (cit.
1469 2505 1519 2553 C.
1555 2507 1629 2562 6),
1671 2507 1750 2553 vel
1792 2512 1970 2567 postea
2011 2510 2300 2567 conceptus,
2346 2507 2397 2553 et

1332 2577 1500 2622 editus
1532 2577 1643 2623 fuit.

1398 2648 1448 2691 19
1471 2646 1522 2693 C.
1547 2650 1575 2692 6
1598 2650 1673 2695 De
1703 2649 1952 2707 Consano.
1977 2650 2116 2696 Pont.
2141 2649 2173 2697 l.
2194 2663 2234 2696 c.
2257 2649 2314 2696 V.
2339 2662 2399 2708 c.,

1330 2719 1375 2763 si
1395 2719 1509 2778 quis
1531 2734 1558 2765 a
1577 2720 1629 2766 R.
1654 2721 1717 2769 Ρ..
1736 2733 1850 2766 curn
1870 2720 2067 2767 nullum
2090 2719 2296 2768 haberet
2323 2721 2402 2768 be·
2440 2721 2443 2723 ’
2496 2723 2498 2726 ’

1331 2789 1582 2841 neflcium,
1602 2804 1757 2836 unum
1780 2792 1949 2851 petiit;
1969 2795 2019 2836 et
2035 2793 2237 2839 interim
2257 2805 2287 2838 a
2304 2798 2399 2838 suo
2427 2802 2433 2806 ·

1330 2859 1578 2920 Episcopo
1591 2861 1885 2907 beneficium
1898 2859 2399 2916 obtinueritzetolim,

1331 2930 1532 2990 quando
1551 2945 1754 2977 necesse
1772 2932 1870 2977 fuit
1889 2933 2138 2992 explicare
2162 2932 2397 2993 copulam

1332 3002 1687 3057 incestuosam,
1704 3003 1747 3048 si
1766 3005 1939 3063 sponsi
1959 3004 2400 3051 commiscuissent

1332 3077 1447 3133 post
1471 3074 1680 3133 petitam
1706 3073 2134 3134 dispensationem
2163 3073 2233 3132 (S.
2257 3074 2310 3123 C.
2344 3073 2399 3124 C.

1333 3145 1483 3206 apud.
1513 3146 1694 3191 Pitton.
1728 3159 1774 3191 n.
1811 3147 1912 3191 878.
1951 3146 2087 3192 Pont.
2123 3146 2154 3192 1.
2187 3158 2230 3193 c.
2261 3159 2308 3192 n.
2334 3145 2399 3203 2).

1392 3216 1450 3260 20
1469 3215 1651 3263 Sanch.
1669 3218 1750 3263 cit.
1766 3230 1812 3262 n.
1828 3218 1869 3262 2.
1887 3217 2026 3263 Pont.
2043 3217 2105 3262 M.
2123 3214 2336 3272 v111,20,
2361 3217 2398 3263 1.

1333 3288 1510 3348 ltaque
1535 3289 1577 3334 si
1604 3288 1797 3343 mulier,
1822 3301 1949 3348 quae
1970 3287 2195 3333 nondum
2218 3299 2396 3338 excese

1334 3363 1469 3406 serat
1501 3360 1558 3404 23
1592 3360 1774 3406 aetatis
1821 3373 2026 3415 annum,
2071 3359 2273 3419 petierit
2317 3351 2398 3405 di·

1335 3432 1710 3492 spensationem
1755 3429 2107 3477 connubialem
2149 3431 2209 3476 ob
2248 3429 2395 3487 dese-⁴

1334 3507 1474 3549 ctum
1515 3504 1738 3554 aetatis:
1771 3501 1867 3554 vel,
1900 3514 2015 3548 cum
2061 3501 2205 3547 dives
2247 3501 2397 3556 esset,

1335 3576 1537 3634 propter
1571 3573 1702 3618 dotis
1728 3571 1996 3619 defectum.
2019 3572 2063 3618 si
2086 3569 2398 3630 dispensatio

1337 3657 1577 3690 concessa
1608 3643 1762 3689 fuerit
1785 3646 1900 3703 post
1933 3657 2013 3689 au.
2033 3642 2091 3686 24
2122 3641 2400 3701 expletum,

1338 3715 1416 3761 vel
1447 3713 1649 3774 quando
1683 3715 1826 3774 inops
1858 3716 2102 3765 evaserat,
2138 3711 2286 3759 valet.

2519 2627 2548 2802 ...ks-'namn‘
