2548 4042
188 25 259 84 68
616 38 740 78 rins
776 0 935 77 inin
951 48 975 61 -
997 34 1369 77 pantaenum
1388 46 1413 60 -
1434 33 1609 75 mser.
1632 2 1670 74 ιζ
1690 34 1756 75 nn
1777 33 2016 77 reasons
2084 2 2085 5 ¹
2242 11 2288 37 ‘³‘
2308 0 2330 58 ¹(
2352 0 2548 106 &Q

187 144 313 199 gra,
334 129 471 197 jnre
501 124 696 180 dantis
718 122 846 193 (62).
869 121 991 177 Nisi
1022 120 1168 176 sorte
1191 119 1241 176 is
1269 133 1399 175 eam
1426 117 1656 174 dederit
1683 132 1827 175 suae
1856 118 2166 189 dignitatis
2194 107 2490 184 nomine*
2527 109 2548 185 {.-,

188 219 279 289 (V.
319 219 356 286 ἓ
397 218 486 282 46,
527 214 640 286 23),
679 212 775 268 vel
816 226 946 267 eam
986 209 1215 266 dederit
1256 208 1445 264 instar
1483 208 1731 278 gratiae,
1760 208 1832 264 de
1874 223 1992 280 qua
2016 209 2177 266 alibi.
2211 210 2428 276 Quaeri
2503 231 2506 233 Α

187 309 395 378 potest,
415 309 611 360 utrum
639 303 832 358 cesset
861 299 1171 370 praeterea
1188 297 1521 367 jnrisdictio
1545 296 1850 363 inferioriS,
1870 298 1919 354 si
1947 299 2097 370 quiS,
2121 315 2190 356 eo
2217 302 2432 360 omisso

183 395 361 450 adeat
403 390 793 463 superiorem?
834 390 1140 444 Affirmant
1182 386 1484 442 Conradus
1524 389 1585 442 et
1636 386 1724 443 De
1765 388 1956 453 Iustis,
1996 389 2044 444 si
2108 389 2172 455 is,
2214 391 2427 448 omisso
2475 425 2486 431 -

183 483 501 546 Ordinari0‚
543 481 719 536 adeat
774 480 839 534 R.
882 480 961 542 Ρ.,
1005 478 1255 549 quadam
1311 492 1519 547 nempe
1561 476 1728 547 quasi
1781 495 2039 533 manuum
2091 484 2430 551 appositione:

184 575 410 642 negant
438 570 638 627 verius
668 569 849 625 ceteri
882 568 1004 625 fere
1033 582 1250 630 omnes,
1282 566 1421 637 quia
1463 565 1519 620 id
1560 565 1723 621 nullo
1742 568 1880 637 jure
1910 571 2148 624 cautum
2176 574 2265 626 est
2286 569 2424 643 (63).

239 792 300 838 62
330 792 387 841 L.
419 794 448 838 6
473 794 519 839 h.
556 796 590 839 t.
621 792 675 841 C.
697 793 754 837 36
790 794 862 839 De
891 792 1072 838 Praeb.
1099 790 1148 835 in
1182 788 1247 833 6⁰.

178 862 290 910 Nisi
311 861 543 910 habenda
561 863 630 909 sit
647 864 808 909 instar
821 864 1033 920 qratiae
1048 861 1249 919 factae,

179 933 240 980 de
262 946 363 994 qua
388 934 567 980 serius.
593 933 797 981 Scilicet
829 934 948 993 quia
981 931 1246 990 delegatus

178 1005 315 1051 vices
338 1005 446 1065 ejus
463 1005 614 1065 gerit:
638 1005 749 1050 ideo
767 1003 1024 1050 evanescit
1041 1002 1139 1047 etsi
1162 1000 1245 1046 de-

175 1075 343 1135 legata
359 1075 514 1120 fuerit
530 1089 558 1121 a
575 1076 805 1134 Principe
821 1075 893 1131 (C.
908 1075 965 1119 36
977 1074 1051 1121 De
1060 1074 1242 1119 Praeb.

175 1146 230 1191 in
251 1146 346 1202 60);
365 1145 443 1190 vel
477 1145 539 1191 ad
566 1146 948 1192 universitatem
972 1155 1243 1190 causarum

175 1215 271 1272 (Ex
305 1217 359 1265 C.
398 1217 451 1260 lO
485 1219 558 1264 De
589 1219 779 1263 haeret.
805 1217 856 1261 in
879 1217 943 1262 6⁰.
968 1214 1150 1262 Sanch.
1179 1213 1241 1259 M.

173 1286 308 1341 VIII,
326 1287 399 1341 28,
418 1288 510 1345 34);
533 1288 630 1333 nisi
650 1287 772 1333 haec
792 1286 1024 1346 delegata
1041 1287 1111 1331 sit
1128 1297 1242 1331 cum

173 1356 352 1413 officie,
370 1370 417 1404 v.
439 1371 494 1412 c.‚
517 1357 785 1406 Oeconomi
810 1358 996 1410 Curati,
1019 1357 1139 1416 quia
1165 1358 1244 1401 est

172 1430 335 1476 instar
368 1429 649 1475 ordinariae
687 1434 733 1485 (ἓ
764 1429 857 1485 73).
892 1429 1011 1474 Dixi
1032 1442 1090 1474 re
1112 1429 1243 1474 inte-

169 1513 287 1557 9ra,
321 1501 442 1560 quia
475 1500 519 1546 si
552 1513 632 1545 res
667 1513 764 1546 non
798 1503 876 1546 est
907 1498 1129 1559 amplius
1157 1498 1237 1542 in·

169 1574 327 1630 tegra,
345 1570 636 1630 jurisdictio
659 1570 824 1626 durat,
845 1570 998 1615 etiam
1018 1567 1240 1614 resoluto

173 1641 247 1698 (L.
282 1642 310 1686 6
341 1644 388 1687 h.
418 1646 448 1687 t.
481 1641 533 1688 C.
557 1644 586 1685 7
610 1643 683 1688 De
712 1642 764 1687 0.
787 1642 847 1686 D.
882 1641 933 1685 in
966 1641 1049 1699 6⁹),
1083 1651 1240 1699 eoque

170 1713 333 1772 magis
353 1726 603 1772 suspenso
623 1711 828 1771 (Sanch.
848 1725 896 1758 n.
914 1715 959 1767 Ἰ)
979 1712 1092 1772 jure
1117 1709 1242 1756 dan-

171 1784 264 1829 tis:
300 1785 455 1828 immo
490 1784 642 1829 etiam
667 1783 841 1843 elapso
866 1782 1090 1828 mandati
1115 1786 1240 1827 tem·

169 1867 288 1914 pore
310 1853 423 1911 (CC.
444 1854 511 1907 19,
530 1854 604 1907 20,
623 1853 682 1897 30
704 1854 779 1901 De
807 1855 857 1900 0.
881 1857 965 1910 D.).
987 1853 1136 1899 Porro
1160 1865 1240 1897 res

169 1924 358 1971 dicitur
389 1937 490 1970 non
523 1923 744 1983 amplius
788 1924 1000 1983 integra,
1032 1924 1075 1968 si
1110 1922 1241 1968 dele·

167 1997 321 2054 gatus
367 1994 607 2041 mandata
650 1994 748 2040 sibi
775 1995 1131 2054 jurisdictione
1166 1994 1240 2038 uti

170 2065 244 2124 (C.
269 2066 328 2110 30
357 2066 432 2113 De
471 2066 521 2112 Ο.
556 2067 613 2110 D.
648 2067 699 2114 C.
738 2068 787 2110 14
819 2067 941 2112 Eod.
975 2068 1049 2110 tit.
1082 2065 1132 2109 in
1155 2065 1239 2121 6⁰),

168 2135 319 2191 idest,
342 2137 387 2183 si
411 2150 473 2183 ex
493 2150 551 2181 ea
573 2149 744 2195 gerere
769 2135 959 2196 aliquid
983 2137 1058 2194 (L.
1077 2136 1105 2179 6
1122 2138 1170 2182 h.
1189 2139 1238 2190 t.)

166 2209 404 2267 coeperit.
435 2206 502 2252 Ut
535 2220 663 2261 ecce,
698 2207 750 2252 in
781 2207 885 2253 foro
911 2206 1159 2266 Judiciali,
1194 2206 1238 2251 si

168 2278 344 2324 citatio
367 2277 503 2323 edita
536 2277 690 2323 fuerit
708 2278 779 2333 (C.
803 2278 861 2322 20
886 2280 956 2324 De
985 2278 1036 2324 Ο.
1055 2279 1160 2333 D.);
1186 2279 1237 2322 iu

168 2349 538 2401 sacramentali,
574 2350 617 2393 si
651 2349 988 2394 confessarius
1018 2349 1238 2407 coeperit

166 2419 340 2465 audire
395 2419 761 2465 confessionem
816 2419 1135 2478 poenitentiS‚
1187 2421 1237 2463 et

167 2489 289 2535 dum
344 2490 712 2536 absolutionem
770 2489 955 2544 differt,
1010 2488 1234 2535 mandati

165 2563 370 2619 tempus
404 2563 702 2619 praetereat:
743 2561 820 2605 vel
861 2560 1125 2619 delegatus
1171 2559 1234 2604 ad

163 2630 566 2691 dispensandum
590 2632 641 2676 in
659 2631 1018 2690 impedimento
1038 2644 1232 2676 connu-

163 2701 284 2747 biali
318 2703 571 2763 inquirere
604 2703 838 2761 coeperit,
871 2716 934 2748 an
974 2716 1091 2748 vera
1130 2703 1234 2747 sint

161 2772 684 2832 exposita(Sanch.M.
699 2771 829 2827 VIII,
846 2773 917 2828 28,
931 2773 1001 2817 29.
1015 2772 1087 2818 De
1107 2772 1230 2818 Iust.

163 2842 198 2898 I,
225 2842 307 2898 VI,
329 2845 453 2903 498),
476 2844 555 2890 vel
579 2844 781 2904 sponsis
805 2846 1099 2890 consuetam
1120 2857 1232 2902 poe-

158 2914 431 2961 nitentiam
456 2915 749 2961 iniunxerit.
783 2914 894 2960 Non
927 2915 1047 2960 item
1071 2915 1113 2960 si
1148 2915 1222 2960 de-

160 2985 361 3044 legatus
386 3000 496 3032 eam
522 2985 928 3045 subdelegaverit
946 2990 1160 3042 tantum,
1186 2986 1230 3031 si

162 3055 524 3115 subdelegatus
540 3056 762 3102 nondum
775 3056 1055 3116 quidquam
1071 3056 1228 3102 facere

158 3127 380 3185 coeperit
404 3127 498 3181 (Ex
533 3128 587 3175 C.
628 3129 679 3171 14
709 3130 777 3175 De
808 3129 857 3173 O.
894 3129 952 3174 D.
986 3129 1038 3173 in
1061 3129 1135 3185 6⁰3
1159 3128 1230 3173 De

156 3195 330 3241 Iustis.
344 3196 603 3254 1‚V1‚270):
623 3198 835 3251 scilicet,
852 3198 1229 3258 subdelegando

154 3265 285 3312 nihil
318 3268 601 3326 exequitur,
627 3269 715 3314 sed
750 3268 833 3314 alii
873 3270 1224 3329 exequendum

153 3338 430 3383 committit
464 3337 663 3393 (Sanch.
687 3352 735 3384 n.
772 3340 854 3395 18).

212 3409 272 3452 63
302 3408 380 3453 Ex
403 3409 458 3457 C.
483 3409 543 3455 56
567 3410 640 3455 De
666 3411 914 3467 Appellat.
950 3410 1132 3459 Sanch.
1158 3413 1221 3458 M.

151 3477 287 3534 VIII,
315 3481 380 3535 14,
415 3492 499 3527 nn.
531 3481 575 3534 3,
603 3481 643 3524 7.
671 3480 813 3527 Suar.
846 3484 917 3528 De
947 3484 1117 3540 Leyib.
1141 3482 1224 3536 VI,

151 3549 226 3603 22,
250 3564 298 3595 n.
322 3552 364 3604 3,
397 3549 514 3611 ibiq.
549 3551 823 3597 Navarrus.
844 3554 1036 3599 Manus
1059 3567 1222 3611 appo·

154 3622 273 3666 sitio
305 3634 408 3668 non
441 3624 574 3679 ziyat
598 3635 789 3669 manus
819 3625 1222 3671 ordinariorum

151 3695 324 3750 quoad
363 3693 544 3751 forum
580 3696 940 3751 conscientiae,
979 3696 1050 3742 ait
1086 3695 1219 3741 The-

1352 801 1485 833 saur.
1503 787 1609 833 Lib.
1622 788 1772 848 I,cap.
1792 788 1979 843 20,Dic.
1999 789 2061 844 ΙΙ,
2073 792 2207 838 v.An
2221 796 2426 846 autem:

1352 858 1520 918 ibique
1545 858 1747 905 Gonzal.
1769 858 1906 906 Glos.
1925 860 1998 915 52,
2019 874 2065 906 n.
2087 861 2164 908 65.
2183 861 2314 909 Sane
2335 861 2429 912 Or·

1351 928 1582 975 dinarius
1628 930 1886 976 absolvere
1920 932 2088 990 potest
2121 945 2151 978 a
2192 932 2426 980 censuris

1350 1012 1482 1054 eum,
1503 1000 1589 1059 qui
1614 1000 1676 1046 ad
1702 1001 2021 1061 Superiorem
2048 1000 2324 1063 appellavit
2342 1001 2426 1060 (V.

1349 1068 1489 1129 Sayr.
1506 1069 1568 1123 11,
1584 1071 1656 1125 520,
1677 1072 1737 1127 3),
1763 1076 1812 1117 et
1835 1070 2113 1131 delegatus,
2135 1074 2192 1118 ut
2207 1085 2324 1120 mox
2346 1073 2423 1121 di·

1347 1154 1471 1194 cam,
1497 1143 1712 1201 gratiam
1740 1142 2009 1189 concedere
2036 1146 2271 1203 negatam
2289 1157 2319 1190 a
2337 1143 2422 1192 de·

1346 1209 1560 1270 legante.
1586 1212 1891 1272 Oppositum
1925 1216 2100 1259 tenent
2125 1213 2336 1263 Conrad.
2369 1218 2425 1262 et

1345 1280 1418 1327 De
1439 1282 1619 1328 Iustis:
1648 1283 1910 1330 videamus
1935 1297 2034 1344 quo
2051 1285 2179 1345 jure.

1406 1352 1670 1401 Conradus
1701 1355 1844 1400 Prax.
1879 1355 2018 1416 Disp.
2045 1355 2156 1411 VIII,
2178 1356 2210 1408 1,
2238 1356 2306 1413 12,
2338 1358 2419 1405 ni·

1345 1425 1472 1470 titur
1489 1426 1582 1474 CC.
1608 1426 1646 1481 l,
1665 1426 1694 1471 2
1715 1426 1790 1474 De
1813 1428 2051 1486 Confirm.
2068 1430 2199 1481 util„
2220 1431 2271 1475 et
2289 1427 2342 1476 C.
2358 1430 2421 1476 56

1346 1495 1419 1541 De
1456 1497 1702 1552 Appellat.
1745 1496 1836 1542 sed
1868 1496 1969 1543 huc
2012 1509 2115 1544 non
2147 1499 2420 1558 pertinent.

1346 1565 1452 1611 Illis
1487 1567 1619 1612 enim
1647 1566 1806 1626 judex
1843 1568 2139 1623 vetatur,de
2160 1569 2332 1630 aliqua
2362 1583 2415 1617 re

1344 1639 1490 1697 (puta
1529 1651 1699 1692 causa,
1743 1638 2026 1699 privilegio,
2062 1642 2347 1698 contractu)
2388 1655 2421 1689 a

1344 1708 1401 1754 R.
1414 1708 1465 1754 P.
1482 1709 1700 1755 scienter
1716 1711 1968 1769 confirma
1977 1714 2029 1755 ta
2049 1723 2349 1771 cognoscere
2366 1716 2422 1758 et

1336 1779 1565 1838 judicare
1588 1779 1750 1836 (Reiff.
1777 1781 1826 1831 ΙΙ,
1852 1780 1924 1835 30,
1951 1781 2038 1838 18).
2055 1781 2162 1828 Hoc
2182 1780 2420 1837 edicitur,

1343 1850 1545 1895 irritum
1570 1864 1680 1896 esse
1702 1850 1951 1911 quidquid
1977 1865 2006 1897 a
2029 1850 2276 1912 delegato,
2296 1857 2418 1912 post

1343 1920 1570 1967 mandati
1624 1924 2006 1977 revocationem,
2054 1926 2258 1983 gestum
2318 1929 2417 1981 est,

1343 2004 1460 2037 cum
1482 1995 1608 2049 plus
1629 1995 1702 2038 sic
1733 1994 1794 2039 R.
1813 1995 1869 2039 P.
1895 1996 1966 2039 acl
1999 2006 2053 2041 se
2083 1995 2294 2052 aliquod
2324 2007 2412 2043 re-

1343 2075 1529 2109 vocare
1581 2067 1861 2122 nemetum,
1913 2077 2072 2122 quam
2103 2077 2415 2124 quemquam

1341 2137 1412 2178 ad
1443 2147 1559 2180 eum
1591 2148 1749 2193 super
1782 2138 1959 2194 aliquo
1992 2139 2197 2194 neqocio
2214 2148 2407 2194 provo-

1340 2217 1493 2252 care.-
1517 2219 1695 2266 nempe
1720 2220 1780 2252 ex
1804 2206 1886 2252 his
1911 2205 2076 2253 verbis
2100 2205 2312 2256 Conrad.
2337 2221 2416 2254 ar-

1338 2277 1627 2334 gumentari
1664 2277 1865 2323 videtur
1897 2278 2046 2338 quasi
2079 2291 2109 2324 a
2132 2278 2314 2324 minori
2345 2277 2411 2325 ad

1343 2347 1530 2406 majus:
1570 2347 1658 2394 sed
1683 2362 1780 2393 non
1807 2348 1943 2402 bene,
1966 2362 2083 2394 nam
2106 2348 2413 2408 provocatIo,

1338 2431 1429 2463 seu
1464 2418 1752 2479 appellatio,
1791 2419 2106 2479 regulariter,
2139 2418 2414 2480 suspendii,

1330 2489 1738 2548 jurisdictionem
1758 2490 1950 2551 judicis
1979 2504 2007 2536 a
2041 2504 2140 2552 quo
2163 2502 2406 2552 provoca-

1336 2565 1446 2606 tum
1481 2565 1574 2607 est.
1610 2561 1681 2607 De
1710 2562 1883 2607 Iustis.
1912 2562 1944 2614 I,
1969 2561 2065 2618 VII,
2088 2561 2193 2618 225,
2224 2561 2412 2608 nititur

1336 2631 1387 2678 C.
1420 2631 1547 2677 Cum
1572 2635 1629 2678 in
1657 2634 2034 2679 distribue-ndis
2061 2632 2114 2676 12
2137 2633 2213 2681 De
2241 2636 2407 2691 Temp.

1343 2702 1521 2747 Ordin.
1559 2715 1658 2761 quo
1707 2702 1874 2749 Innoc.
1914 2702 1985 2748 III
2016 2703 2249 2764 indulget
2278 2703 2403 2765 Epi·

1335 2785 1487 2831 scopo
1520 2774 1824 2820 Bononiensi
1859 2774 1923 2821 ad
1956 2775 2242 2835 superiores
2265 2774 2402 2823 ordi-

1334 2857 1425 2889 nes
1459 2858 1749 2903 promovere
1777 2847 1831 2891 N
1851 2848 2114 2894 Ecclesiae
2132 2848 2411 2895 Romanae

1334 2916 1724 2962 subdiaconum.
1768 2917 1956 2977 Nempe
2001 2920 2128 2976 quia
2175 2919 2410 2977 quisquis

1333 2989 1492 3033 semel
1509 2990 1566 3033 in
1584 2990 1682 3034 hac
1700 2989 1924 3036 Ecclesia
1943 2992 2175 3038 ordinem
2191 3002 2407 3037 sacrum

1335 3060 1583 3117 acceptat,
1616 3062 1915 3117 eyrediendi
1944 3065 2008 3108 de
2040 3074 2103 3109 ea
2136 3062 2404 3108 licentiam

1333 3129 1559 3175 ulterius
1603 3142 1706 3175 non
1738 3130 1941 3177 habebit
1985 3130 2060 3190 (S.
2092 3130 2295 3190 Gregor.
2334 3130 2401 3177 M.

1333 3198 1416 3243 To.
1450 3198 1511 3254 11,
1535 3199 1670 3246 Edit.
1703 3201 1861 3247 Maur.
1895 3201 2004 3248 Lib.
2035 3201 2079 3254 5,
2113 3202 2273 3261 Epist.
2308 3202 2404 3261 38).

1391 3268 1502 3314 Mea
1535 3272 1790 3318 sententia
1822 3275 1915 3326 est,
1940 3273 2256 3333 appositione
2288 3285 2404 3319 ma-

1332 3353 1430 3386 nus
1465 3340 1521 3387 R.
1554 3340 1624 3396 P„
1655 3353 1755 3387 non
1796 3343 1951 3389 adimi
1987 3342 2399 3403 jurisdictionem

1333 3410 1672 3468 inferioribus3
1696 3413 2028 3460 nihilominus
2052 3414 2122 3459 rei
2147 3426 2202 3460 se
2224 3414 2399 3460 immi-

1331 3495 1482 3537 scere,
1508 3485 1558 3529 in
1585 3483 1688 3530 foro
1713 3487 1934 3538 externo,
1970 3484 2317 3538 temerarium;
2342 3483 2399 3530 In

1330 3555 1546 3610 interno,
1568 3568 1631 3602 ex
1658 3557 1801 3615 justa
1833 3559 1882 3602 et
1914 3555 2057 3616 gravi
2090 3568 2258 3612 causa,
2280 3551 2395 3602 liei-'

1330 3629 1440 3671 tum
1464 3640 1590 3674 esse.
1610 3628 1734 3683 Quis
1760 3627 1892 3672 enim
1912 3627 2111 3680 dixerit,
2132 3637 2394 3672 recurren-

1328 3700 1427 3744 tem
1449 3699 1511 3745 ad
1531 3699 1585 3745 R.
1606 3699 1656 3744 P.
1674 3713 1764 3759 pro
1783 3699 2097 3746 absolutione
2117 3697 2178 3744 ab
2194 3709 2398 3745 excom-
