2548 4042
122 23 229 82 238
297 41 421 81 rans
445 41 649 80 νιιιιιι-
671 39 1087 83 »nonuncium-
1107 40 1190 81 m
1213 42 1280 84 ιιι.
1306 43 1372 86 ιιι
1395 0 1641 90 neamus·
1644 44 1719 89 r.
1731 14 1800 89 ιιι.
1823 0 2197 103 υιωῇμοϊιῶ
2268 32 2340 89 =:2..‘

2383 108 2404 119 .
2405 117 2448 142 2.

126 127 312 189 modo,
342 126 518 181 etiam
551 141 613 182 re
642 139 755 182 non
786 126 1040 194 integra,
1072 127 1211 198 jure
1239 129 1657 201 praecipientis
1685 129 1804 206 (9):
1833 135 1896 191 et
1923 132 2054 191 ideo
2075 136 2127 192 si
2147 99 2393 198 datm
2372 149 2517 240 '²2'

129 215 241 271 mit
268 216 377 270 sub
413 215 748 271 conditione
778 216 1123 286 suspensiva
1150 218 1245 274 vel
1275 234 1351 275 ex
1378 218 1489 283 die,
1513 219 1768 278 resoluto
1795 221 2068 281 interim
2042 241 2180 297 Jure
2204 242 2399 299 prae-
2408 253 2465 277 ·-
2462 213 2548 286 '³²23

127 306 423 377 cipientis,
468 309 844 376 praeceptum
874 308 1154 363 continuo
1184 309 1507 373 evanescit;
1546 310 1813 383 ideoque,
1846 313 1935 369 his
1965 319 2164 386 postea
2189 318 2367 375 adve-
2523 307 2534 336 ”

126 395 452 459 nientibus,
496 397 662 467 quasi
709 412 863 451 nunc
902 399 978 453 ab
1020 413 1089 453 eo
1128 398 1328 453 datum
1371 399 1580 456 fuisset
1622 401 1740 457 vim
1788 403 2009 460 nullam
2038 405 2368 481 habet(10).

125 486 197 540 Et
237 486 286 540 si
333 501 518 556 poena
561 495 871 556 praecepto
907 487 1140 544 adnexa
1181 492 1328 552 erat,
1371 489 1462 545 vel
1520 505 1788 559 censura,
1842 496 2145 551 evanescit
2198 496 2368 568 quasi

122 577 481 630 accessoria:
528 576 636 630 nisi
684 576 829 632 sorte
861 578 985 648 jam
1026 578 1201 648 plane
1245 579 1422 635 suerit
1464 579 1697 636 incursa
1736 584 1875 639 ante
1915 584 2238 641 resolutum
2265 587 2370 658 jue

126 665 548 736 praecipientis
581 664 632 738 (l
649 667 714 737 1).

122 896 247 953 cipi.
281 895 373 952 qui
410 897 509 939 toto
545 895 771 951 Imperio
798 895 895 949 jus
929 895 1031 939 tale
1069 906 1191 940 con·

125 970 342 1014 elicuere
363 967 552 1023 potuit,
576 969 622 1011 ec
643 967 804 1011 voluit
826 964 974 1020 (Voet
996 966 1037 1019 3,
1062 966 1104 1019 3,
1128 967 1193 1021 8).

125 1039 224 1087 Sed
257 1052 420 1086 nonne
446 1042 672 1095 exceptio
694 1041 820 1097 lepis
837 1042 1018 1098 firmat
1047 1050 1194 1095 requ-

126 1113 235 1158 lam
267 1113 321 1158 in
352 1112 679 1157 contrarium
712 1123 811 1167 pro
842 1111 1048 1156 casibus
1091 1123 1196 1156 non

126 1184 394 1242 exceptis?
426 1182 565 1238 Quae
599 1182 828 1241 exceptio
866 1195 922 1227 eo
949 1181 1063 1242 jure
1100 1181 1194 1227 niti

127 1254 344 1307 videtur,
378 1255 499 1315 quia
522 1253 730 1299 infamia
751 1266 994 1312 personae
1023 1256 1191 1298 status

129 1325 378 1371 minuitur
411 1329 460 1379 (ἓ
501 1325 614 1378 121).

186 1397 215 1441 9
232 1395 306 1441 Ex
332 1395 385 1441 L.
403 1396 462 1440 43
480 1396 555 1440 De
577 1396 794 1447 Poenis,·
818 1393 961 1440 Suar.
984 1393 1024 1449 1,
1049 1393 1118 1449 10,
1139 1394 1196 1448 9;

130 1470 204 1516 De
240 1470 448 1516 Censur.
490 1467 580 1521 111,
620 1469 664 1523 4,
708 1468 774 1512 1'2.
814 1468 965 1515 Croix
1011 1465 1049 1523 1,
1093 1468 1198 1512 876,

125 1540 308 1588 Sanch.
332 1540 394 1585 Μ.
419 1539 551 1593 VIII,
574 1540 645 1595 28,
670 1541 743 1584 47.
765 1539 832 1584 Et
854 1553 910 1586 eo
943 1551 1193 1598 suspenso

125 1610 459 1672 suspenditur
476 1610 705 1669 (Filiucc.
728 1608 811 1664 XI,
835 1612 926 1668 71).
952 1609 1042 1655 Vel
1066 1611 1109 1655 si
1136 1610 1196 1664 is,

125 1684 207 1730 cui
231 1686 557 1744 praeceptum
578 1683 875 1742 impositum
894 1682 1008 1738 fuit,
1027 1680 1198 1728 subdi-

126 1760 229 1810 tus,
250 1768 298 1801 v.
318 1769 373 1809 c.,
397 1757 593 1799 mutato
617 1752 885 1808 domicilio,
910 1766 1022 1799 esse
1044 1753 1198 1798 desiit

128 1827 233 1880 (sed
251 1825 343 1872 hoc
359 1826 520 1871 etiam
540 1825 590 1870 in
610 1821 808 1884 legibus
826 1823 990 1869 locum
1008 1822 1195 1881 habet).

126 1897 245 1943 Dixi
281 1900 438 1943 etiam
471 1909 531 1942 re
562 1908 667 1941 non
699 1898 904 1952 inteyra
939 1899 1020 1950 (ex
1054 1894 1105 1941 C.
1141 1893 1198 1938 30

124 1969 204 2016 De
231 1970 269 2015 0
305 1970 366 2013 D.
391 1967 592 2013 Silvest.
628 1966 807 2012 Sanch.
842 1966 872 2011 1.
906 1979 946 2012 c.
981 1964 1123 2011 Reiff.
1158 1964 1195 2019 1,

123 2039 168 2095 2,
189 2041 289 2097 45);
312 2042 371 2085 ut
392 2042 518 2100 puta
540 2040 582 2085 si
601 2039 708 2098 J‘am
738 2051 973 2097 coeperas
1006 2037 1196 2084 obtem-

124 2124 299 2172 perare
318 2121 383 2165 (v.
402 2124 458 2163 c.,
478 2112 521 2156 si
543 2111 724 2170 jussus
750 2123 924 2155 vacare
951 2122 1039 2168 per
1061 2121 1197 2153 rnen-

124 2196 233 2229 sem
266 2182 525 2229 exercitiis
565 2179 934 2241 spiritualibus,
961 2181 1068 2240 jam
1113 2180 1192 2224 in-

124 2267 360 2314 coeperas
389 2255 462 2299 eis
486 2266 687 2313 operam
712 2252 880 2310 dare);
912 2253 1032 2312 quia
1063 2252 1199 2297 sicut

125 2341 270 2372 nemo
303 2329 473 2386 potest
495 2329 818 2385 praeceptum
843 2325 968 2369 ferre
992 2336 1048 2369 eo
1072 2327 1196 2368 tem·

125 2412 243 2458 pore
257 2410 355 2456 quo
374 2410 471 2442 non
495 2395 643 2442 habet
667 2398 986 2455 potestatem,
1010 2395 1082 2440 ita
1104 2407 1197 2441 nec

124 2471 181 2515 in
203 2471 259 2514 id
285 2473 481 2525 tempus
503 2470 558 2513 in
580 2480 679 2524 quo
703 2479 815 2514 eam
839 2479 944 2512 non
966 2467 1197 2523 amplius

123 2542 197 2586 sit
216 2541 492 2585 habiturus
514 2539 677 2596 (Suar.
702 2539 779 2584 De
808 2539 1020 2585 Censur.
1042 2537 1129 2589 111,
1152 2539 1196 2590 4,

132 2611 216 2669 12).
240 2609 340 2656 Nec
364 2614 488 2670 puto
521 2622 695 2655 verum
731 2622 842 2654 esse
875 2608 1010 2670 quod
1044 2609 1194 2656 Croix

125 2681 232 2734 vn,
271 2682 355 2726 104
393 2682 586 2739 (contra
619 2681 765 2733 alios)
802 2680 961 2734 docet,
987 2680 1194 2740 jussum

127 2754 394 2799 restituere
442 2751 610 2798 ablata
654 2751 783 2796 infra
826 2764 1053 2797 mensem
1099 2750 1195 2796 sub

126 2837 286 2883 poena
329 2823 867 2869 excommunicationis
910 2822 1040 2867 latae
1074 2835 1191 2867 sen-

127 2896 333 2946 tentiae,
366 2897 562 2940 mutato
595 2893 851 2940 domicilio
882 2893 1015 2939 intra
1049 2905 1190 2938 men·

125 2979 251 3021 sem,
289 2966 383 3012 hoc
425 2965 596 3025 elapso
636 2978 878 3011 excomm.
923 2965 1191 3011 incurrere.

1300 890 1643 940 Nihilominus
1670 895 1712 941 si
1738 896 1799 951 is,
1819 897 1906 957 qui
1930 896 2090 958 Iegem
2123 898 2248 945 ferre
2280 912 2367 960 po·

1302 967 1416 1019 test,
1434 964 1571 1010 velut
1587 965 1888 1027 Episcopus,
1907 968 2028 1014 velit
2041 974 2366 1032 praeceptum

1302 1050 1453 1083 suum
1473 1036 1707 1098 obligare,
1728 1037 1958 1098 publicae
1981 1040 2227 1087 utilitatis
2247 1054 2364 1089 cau-

1302 1121 1374 1162 sa,
1406 1108 1560 1155 etiam
1599 1108 1818 1156 resoluto
1854 1111 1968 1171 jure
2006 1125 2115 1166 suo,
2147 1111 2368 1174 obligat3

1300 1192 1418 1225 nam
1451 1180 1495 1224 si
1529 1179 1580 1225 id
1622 1181 1872 1227 universis
1909 1181 2018 1242 lege
2053 1183 2159 1231 lata
2197 1185 2362 1246 impo-

1300 1263 1416 1296 nere
1439 1254 1619 1310 potest,
1653 1265 1709 1298 eo
1744 1254 1906 1312 magis
1939 1254 2159 1314 singulis
2181 1255 2368 1316 poterit

1301 1320 1379 1380 (V.
1412 1321 1556 1368 Suar.
1580 1323 1653 1370 De
1683 1324 1847 1380 Leoib.
1880 1324 1918 1378 I,
1948 1325 2013 1381 10,
2043 1326 2130 1383 12).

1368 1393 1420 1437 10
1437 1394 1580 1440 Suar.
1597 1395 1672 1441 De
1691 1394 1901 1442 Gen-sur.
1921 1396 1966 1451 3,
1982 1399 2024 1450 4,
2055 1397 2119 1443 10.
2137 1398 2214 1445 Ad
2237 1398 2370 1447 haee

1302 1468 1626 1524 praeceptum
1661 1469 1829 1512 cessat
1860 1466 1903 1512 si
1946 1466 2064 1513 finis
2104 1472 2372 1532 praecepti

1302 1536 1505 1581 omnino
1525 1538 1799 1582 cessaverit
1819 1536 1986 1591 (Suar.
2010 1539 2087 1584 De
2107 1542 2267 1598 Leyib.
2287 1539 2369 1596 VI,

1302 1605 1345 1660 9,
1375 1606 1468 1663 10);
1491 1612 1617 1666 puta
1638 1608 1683 1654 si
1707 1607 1993 1668 Episcopus
2018 1609 2170 1657 alicui
2194 1620 2369 1672 preces

1304 1678 1384 1724 vel
1413 1679 1664 1738 J'ejunium
1689 1678 1935 1725 indixerit
1957 1693 2045 1740 pro
2070 1680 2238 1729 salute
2260 1681 2371 1744 Caii

1302 1749 1528 1808 graviter
1552 1751 1882 1810 aegrotantiS,
1903 1754 1953 1797 et
1975 1752 2020 1798 is
2044 1752 2371 1810 convaluerit,

1303 1820 1380 1866 vel
1415 1820 1714 1873 decesserit;
1752 1835 1933 1881 nempe
1968 1827 2118 1883 prout
2148 1823 2230 1872 lex
2263 1837 2370 1872 ces·

1301 1897 1383 1937 sat
1415 1893 1458 1938 si
1493 1893 1610 1939 finis
1639 1893 1746 1953 ejus
1771 1894 2048 1941 cessaverit
2070 1895 2370 1956 adaequate,

1302 1966 1360 2008 ut
1391 1962 1488 2009 hic.

1367 2035 1411 2078 11
1452 2035 1505 2081 L.
1539 2036 1598 2080 43
1620 2037 1697 2083 De
1730 2038 1927 2084 Poenis.
1950 2036 2009 2082 V.
2035 2036 2146 2085 Glo.
2177 2038 2232 2085 in
2264 2039 2319 2088 C.
2347 2039 2364 2083 l

1300 2106 1377 2153 De
1410 2105 1459 2152 S.
1490 2108 1543 2151 E.
1566 2107 1690 2154 Abb.
1723 2109 1773 2154 in
1807 2108 1860 2157 C.
1901 2110 2027 2155 Cum
2060 2112 2133 2156 ad
2163 2111 2268 2164 hoc,
2292 2110 2371 2158 De

1305 2179 1433 2226 Cler.
1466 2191 1570 2225 non
1602 2183 1754 2227 resid.
1790 2194 1836 2225 n.
1869 2180 1912 2225 9.
1944 2179 2122 2242 Itaque
2146 2183 2191 2227 si
2215 2179 2367 2230 Ordir-

1299 2251 1475 2296 narius
1501 2251 1729 2310 jusserit,
1761 2265 1802 2297 v.
1827 2264 1885 2307 c.‚
1910 2251 2244 2299 concubinam
2274 2265 2368 2299 ex-

1299 2323 1515 2378 trudere,
1539 2322 1635 2368 sub
1661 2336 1820 2382 poena
1843 2324 2263 2371 excommunicat.
2285 2324 2368 2371 in·

1298 2394 1375 2439 fra
1390 2407 1630 2449 mensem,
1649 2394 1847 2440 eoinfra
1867 2407 2090 2441 mensem
2102 2394 2368 2451 translato,

1300 2469 1499 2511 mortuo
1533 2469 1641 2519 ete,
1677 2478 1937 2520 excomm„
1971 2468 2138 2512 cessat
2175 2465 2367 2526 (Laym.

1300 2538 1376 2585 De
1403 2538 1613 2583 Censur.
1647 2535 1707 2590 ΙΙ,
1741 2535 1784 2581 2.
1818 2535 1960 2583 Suar.
1984 2537 2063 2583 De
2090 2536 2300 2584 Censur.
2322 2535 2368 2592 3.

1300 2611 1342 2662 4,
1373 2609 1468 2665 12);
1494 2607 1753 2662 translato,
1777 2610 1870 2652 etc.
1892 2610 2009 2667 post
2031 2619 2273 2662 mensem,
2295 2609 2370 2654 te·

1299 2684 1385 2725 net
1410 2680 1570 2734 (Suar.
1593 2693 1639 2724 n.
1672 2679 1756 2734 10).
1780 2679 1911 2733 Nisi,
1944 2681 2063 2724 ete:
2097 2682 2155 2723 ut
2176 2682 2303 2739 puta
2323 2678 2369 2725 si

1299 2753 1505 2810 propter
1536 2749 1828 2795 ebrietatem
1854 2748 2091 2795 clericum
2121 2763 2209 2809 per
2230 2762 2368 2796 men-

1299 2835 1404 2867 sem
1440 2820 1793 2880 suspenderat,
1827 2820 2097 2880 suspensio
2127 2833 2227 2866 non
2261 2833 2369 2868 cee-

1298 2896 1380 2938 sat
1412 2891 1665 2937 ordinario
1698 2891 1833 2937 intra
1877 2903 2102 2937 mensem
2153 2893 2367 2948 mortuo,

1297 2963 1557 3016 translato,
1592 2966 1686 3009 etc.
1720 2962 1880 3019 (Suar.
1912 2961 1944 3008 1.
1979 2962 2054 3022 c.).
