2548 4042
831 0 935 27 u„-
842 0 1080 52 ‘wiw-
1063 0 1511 24 *ww-‘'⁵‘'
1541 0 1853 16 -v--w

431 140 436 150 Ι
540 26 553 43 ’
612 16 827 154 ’ Ὗϊ
840 29 1047 117 merit
1081 42 1434 112 nominatim
1453 46 1591 126 (87).
1615 49 1784 117 Quod
1821 48 2086 110 virorum
2122 0 2387 122 Oongre-
2475 0 2478 2 -

22 241 174 322 ζ
200 235 227 284 ί
279 189 384 284 ’ζ’
560 250 681 295 non
706 249 978 295 secusne
1004 232 1364 296 saeculares.
1392 229 1650 288 ordinari
1681 228 2068 303 prohibentur
2094 228 2240 302 (38):
2272 227 2387 287 roe·

15 322 85 409 'gf-2
138 338 142 341 ’
342 342 425 385 m
465 340 580 384 non
623 325 787 390 item.
827 324 969 382 licet
1014 321 1329 380 Generalis
1376 319 1783 378 moderatricis
1829 318 2076 391 imperio
2115 323 2177 375 et
2228 320 2387 392 pote·

11 411 293 494 itate
330 420 636 491 regantur.
678 429 953 488 quaeque
994 413 1211 471 idcirco
1258 410 1475 469 nedum
1517 408 1816 482 Episcopis
1862 409 2134 473 subsunt.
2177 408 2282 467 sed
2324 410 2388 466 et

11 503 97 590 j,
129 494 405 586 phebis
442 521 756 581 quaequae
796 505 923 561 suis
953 502 1088 576 (39).

1113 699 1190 753 Do
1229 698 1422 751 barbis.

215 865 342 924 108.
367 863 574 923 Laicos
599 864 735 922 heic
764 861 1036 933 intelligo
1061 874 1266 918 omnes
1303 858 1646 931 baptizatos.
1682 859 1756 914 Et
1783 857 1879 915 vel
1913 857 2188 914 catholici
2229 861 2388 924 sunt,

23 987 57 1012 ·-
136 952 234 1014 vel
272 954 605 1013 acatholici.
644 954 861 1011 Omnes
900 955 1040 1011 sunt
1080 951 1412 1022 incapaces,
1442 950 1581 1019 jure
1622 948 1922 1012 canonico,
1955 947 2392 1019 jurisdictionis

7 1035 74 1122 Ῐῗ
135 1043 578 1103 eodesiasticae
598 1043 698 1116 (1).
726 1044 806 1101 De
834 1041 1142 1100 catholicis
1170 1054 1350 1096 unum
1382 1038 1759 1110 inquirimus:
1789 1042 2087 1110 quatenus
2113 1038 2235 1094 sint
2263 1052 2393 1110 par·

55 1134 100 1189 ἰ,
132 1132 350 1208 “elpes
381 1133 666 1191 bonorum
691 1132 1118 1206 spiritualium:
1148 1144 1265 1186 non
1295 1145 1496 1187 eorum
1526 1128 1780 1200 quidem,
1809 1143 1962 1200 quae
1994 1128 2291 1200 profluunt
2317 1143 2391 1185 ex

134 1221 239 1286 Dei
264 1222 647 1282 miseratione
690 1222 1047 1285 immediate,
1081 1235 1291 1291 nempe
1332 1219 1680 1290 gratiarum,
1711 1222 1773 1275 et
1808 1219 2124 1283 virtutum:
2155 1233 2267 1275 nec
2299 1233 2394 1275 eo-

39 1320 287 1386 stm.
324 1326 486 1387 qnae
520 1313 821 1385 pertinent
860 1312 936 1369 ad
978 1310 1445 1367 communionem
1487 1309 1831 1365 Sanctorum
1876 1307 1985 1381 (2);
2027 1309 2131 1364 sed
2173 1323 2394 1373 eorum.

33 1390 294 1485 *fu-ne
331 1401 635 1460 Ecclesiae
675 1401 1086 1459 communione
1142 1400 1542 1463 continentur,
1585 1414 1738 1470 quae
1789 1414 1998 1469 nempe
2041 1399 2099 1454 D.
2142 1399 2211 1455 N.
2252 1399 2294 1454 1.
2332 1396 2394 1455 C.

133 1489 444 1552 Ecclesiae
489 1491 991 1548 administrationi
1036 1490 1416 1546 concredidit.
1458 1488 1638 1544 Porro
1691 1489 2020 1545 communio
2062 1489 2392 1547 huiusmodi

138 1579 205 1639 lu
242 1586 553 1640 externam
593 1586 654 1639 et
697 1581 990 1638 internam
1040 1580 1355 1636 diducitur.
1397 1580 1485 1635 Ad
1530 1581 1840 1635 externam
1887 1581 2119 1650 spectat
2160 1578 2398 1651 partici-

21 1666 91 1748 μ’ἷζ
137 1669 304 1745 patio
338 1675 857 1735 sacramentorum,
886 1670 1216 1726 divinorum
1257 1669 1597 1732 officiorum,
1638 1671 1701 1724 et
1739 1670 2081 1739 sepulturae
2116 1669 2398 1727 ecclesia-

136 1759 457 1820 sumena
499 1761 793 1818 internam
837 1759 1206 1832 participatio
1247 1759 1542 1814 fructuum
1584 1774 1659 1814 ex
1707 1758 1997 1814 sacrificio
2043 1759 2278 1823 missae,
2319 1774 2397 1816 ex

35 1846 54 1924 [j
138 1849 552 1921 indulgentiis.
580 1866 655 1907 ex
686 1850 936 1920 publicis
978 1846 1279 1905 Ecclesiae
1311 1849 1601 1919 precibus.
1630 1847 1795 1911 Quae
1822 1848 2018 1903 omnia
2046 1862 2160 1903 non
2192 1848 2393 1905 imme·

137 1939 408 2010 ritojm
435 1941 739 2012 personalia
770 1938 1018 1994 hominis
1046 1938 1355 1994 christiani
1398 1952 1528 1994 esse
1569 1937 1810 1992 dixeris.
1840 1938 2046 2009 Itaque
2090 1938 2223 1994 boni
2253 1946 2395 1996 sunt

136 2028 452 2102 utriusque
479 2029 912 2086 communionis
952 2028 1299 2099 participes:
1330 2027 1467 2083 mali
1511 2026 1823 2083 exterioris
1865 2029 2122 2092 tantum:
2156 2043 2399 2085 excom-

47 2131 49 2137 ’
133 2118 425 2180 manicati
449 2120 736 2176 neutrius
758 2119 832 2174 Et
851 2117 1340 2174 excommunicati
1369 2119 1680 2188 praeterea
1701 2119 1839 2172 sunt
1868 2117 2162 2174 inhabiles
2184 2119 2399 2188 gratiis

37 2218 44 2222 ’
136 2205 468 2267 Pontificiis
493 2209 851 2271 obtinendis,
879 2209 955 2264 de
982 2223 1115 2279 quo,
1146 2207 1358 2271 serius;
1389 2211 1451 2263 et
1479 2207 1528 2262 si
1563 2207 1780 2263 fuerint
1821 2207 2048 2263 vitandi
2078 2206 2134 2278 (g
2161 2210 2252 2273 77,
2282 2210 2397 2281 53),

24 2298 44 2357 ,Γ
136 2297 581 2370 amittuntjura
612 2313 761 2369 pene
801 2298 1014 2362 omnia,
1043 2312 1197 2369 quae
1237 2297 1422 2352 statui
1466 2311 1751 2367 personae
1779 2296 2139 2354 christianae
2180 2295 2396 2356 cohae-

138 2389 305 2453 rent:
334 2387 442 2446 sed
477 2390 542 2445 et
577 2387 654 2444 de
694 2388 804 2443 hoc
843 2387 1006 2443 alibi.

51 2480 77 2517 ³²
219 2477 346 2535 109.
375 2476 756 2534 Acatholicos
795 2477 1045 2532 dicimus
1073 2477 1362 2546 quotquot
1387 2473 1675 2531 Catholici
1706 2490 1822 2531 non
1851 2478 2008 2532 sunt.
2037 2478 2257 2534 Horum
2298 2493 2403 2549 ge·

87 2569 260 2627 ”nnus
295 2567 542 2639 triplex:
583 2566 969 2630 schismatici,
1012 2565 1318 2629 haeretici,
1360 2568 1684 2636 apostatae.
1721 2566 2141 2623 schismaticus
2181 2568 2403 2625 dicitur

140 2655 248 2732 qul
285 2657 365 2715 ab
405 2656 637 2714 unitate
677 2655 983 2713 Ecclesiae
1009 2653 1364 2718 Catholicae,
1394 2656 1641 2726 ejusque
1682 2656 1890 2727 capitis
1916 2658 1984 2712 R.
2015 2658 2094 2721 Ρ.,
2126 2673 2228 2728 pro
2256 2660 2406 2715 tem-

143 2759 288 2825 pore
312 2745 647 2812 existentis,
674 2745 1017 2803 obedientia
1044 2758 1109 2800 se
1143 2744 1443 2808 subduxit,
1472 2745 1565 2801 vel
1598 2747 1871 2802 recessit:
1914 2747 2269 2812 haereticus,
2298 2749 2400 2820 qui

143 2835 309 2896 circa
342 2835 609 2908 aliquem
649 2835 784 2892 fldei
812 2835 1131 2891 articulum
1167 2840 1355 2891 errat:
1399 2837 1672 2905 apostata
1701 2837 1799 2906 qui
1841 2851 1878 2891 a
1918 2837 2031 2893 flde
2073 2837 2405 2895 christiana

28 2975 43 2994 „
68 2956 78 2965 ·
142 2925 398 2984 descivit
427 2922 529 2999 (3).
563 2925 875 2997 Apostasia
903 2925 1195 2982 haeresim
1224 2924 1516 2988 continet;
1542 2925 1770 2981 haeresi
1805 2940 1945 2981 vero
1964 2926 2265 2996 apostasia
2291 2927 2403 2984 sor·

14 3012 43 3095 ⁷„
142 3006 386 3074 finaliter
432 3016 812 3072 continetur:
856 3016 1029 3085 (nam,
1069 3014 1305 3071 abiecta
1360 3014 1660 3070 Ecclesiae
1717 3015 2100 3082 auctoritate,
2141 3017 2192 3073 si
2247 3032 2403 3090 quae

209 3203 270 3252 3⁷
311 3205 391 3253 82
422 3205 547 3255 Bon.
581 3205 709 3253 xw.
748 3208 803 3257 C.
842 3208 1129 3253 Emanavie
1164 3205 1213 3250 21

150 3272 261 3326 lan.
294 3276 427 3324 17⁸8.

210 3344 274 3392 88
296 3343 348 3394 Β.
368 3346 426 3396 C.
446 3346 573 3408 Epp.
594 3348 627 3393 6
647 3346 764 3394 Maii
794 3348 920 3394 1864.

1334 3210 1545 3258 storum,
1561 3205 1776 3254 lundata
1789 3209 1931 3255 estin
1948 3207 2046 3256 fldc
2064 3211 2115 3258 et
2125 3209 2398 3268 charitate:

1334 3275 1521 3336 quibus
1553 3276 1764 3337 singuli,
1795 3278 1937 3326 velut
1978 3281 2132 3330 unius
2174 3284 2402 3344 corporis

1336 3345 1573 3402 membra,
1595 3346 1815 3404 Christo,
1830 3350 1979 3411 quasi
1996 3352 2167 3412 capiti,
2189 3354 2398 3400 coniun-

0 3436 7 3456 ··
211 3413 274 3464 9
302 3414 356 3464 8.
397 3416 457 3466 C.
489 3416 544 3466 O.
582 3418 642 3463 2⁶
676 3420 808 3478 Aug.
852 3418 976 3471 1702,
1014 3417 1067 3463 V.
1103 3421 1225 3465 Acta
1334 3421 1558 3477 quntum
1605 3417 1719 3466 ideo
1770 3418 1900 3468 bona
1950 3421 2197 3483 cujusque
2250 3436 2403 3484 opera

0 3493 49 3549 ’μζ
154 3484 282 3545 Vm,
310 3487 388 3535 32.
1335 3487 1572 3536 omnibus
1594 3491 2034 3539 communicantur
2058 3492 2135 3542 (V.
2159 3492 2304 3540 Suar.
2330 3495 2407 3545 De

0 3567 29 3623 ζ
148 3603 156 3613 ,
218 3558 237 3605 l
275 3557 415 3607 Salm
460 3559 530 3615 10
561 3559 599 3614 Ι,
619 3558 695 3607 52.
727 3557 934 3607 Navarr.
968 3559 1042 3612 27.
1076 3560 1118 3606 6.
1342 3559 1552 3608 centur.
1577 3558 1663 3610 IX.
1686 3561 1730 3616 3,
1750 3561 1794 3608 5.
1817 3561 2023 3610 Salmat.
2048 3562 2110 3618 Χ,
2139 3565 2175 3622 1,
2196 3564 2247 3623 8;
2271 3565 2315 3623 3,
2344 3566 2405 3626 l).

0 3627 69 4042 k
213 3627 247 3675 2
275 3628 398 3679 Com
407 3642 491 3677 mn
498 3630 579 3678 nio
613 3630 934 3689 Sanctorum,
966 3630 1100 3678 idest
1135 3632 1222 3691 ju·
1397 3630 1426 3676 3
1458 3628 1516 3677 V.
1542 3630 1598 3678 D.
1627 3631 1748 3680 Tho.
1771 3630 1816 3688 2,
1838 3633 1882 3691 2,
1912 3632 1980 3690 12,
2008 3635 2041 3681 l.
