2548 4042
166 7 270 66 252

530 26 656 67 uns
691 24 899 68 rams-
917 0 1334 68 smmum-
1349 0 1522 69 mcv.
1543 23 1612 75 π,
1634 0 1713 74 ,1έί
1708 0 1785 67 ἑο

166 111 362 165 riserit
392 110 493 178 (6):
524 109 848 175 dummodo,
873 125 963 164 noo
988 111 1227 164 oonsuris
1264 115 1400 165 notet
1434 112 1718 188 sententias
1754 123 1887 180 quae
1923 111 2123 166 rationo
2161 113 2229 166 ot
2237 118 2245 122 “

166 202 417 253 stantium
457 201 691 252 virorum
731 201 1010 252 testimonio
1035 200 1247 252 minimo
1272 206 1456 253 carent
1478 197 1592 270 (7);
1629 213 1736 254 nec
1777 212 2130 270 quemquam
2169 170 2489 270 αόίεὰί.ῑζέςῗ·’

163 287 259 355 (ne
300 287 691 342 confessarius
729 287 963 357 quidem
1002 301 1139 342 suos
1180 288 1572 357 poenitentes)
1616 287 1946 344 sententias
1972 302 2110 344 suas
2143 286 2398 344 derelin-

165 391 364 444 quere,
393 379 511 431 lioot
539 379 784 445 oppositae
812 378 1090 430 videantur
1119 378 1484 445 probabiliores
1509 375 1614 446 (8);

1660 376 1771 431 nisi
1814 375 1962 432 forte
2003 377 2124 432 sint
2153 389 2397 432 Arsam

1848 0 1984 21 ’τιή-,Ὺ
2031 0 2265 58 :gat
2302 7 2310 18 ¹,
2365 31 2368 35 Ι
2431 21 2435 24 ,

2040 31 2163 91 *2124
2193 53 2207 66 =-
2207 31 2334 93 ·-’ῑ·’·,
2363 30 2406 77 έ-

165 468 512 533 improbabiles
540 463 632 536 (9),
664 481 1014 520 EvaN'rER
1039 468 1223 532 salsae
1252 465 1380 538 (10).
1422 466 1600 520 Immo
1642 481 1812 521 nemo
1853 466 2191 536 prohibetur
2230 465 2396 522 modo
2458 447 2503 503 3
2543 500 2545 502 -

164 654 278 702 Urb.
315 655 429 699 VIII
477 655 656 701 Joanni
713 657 906 714 (postea
950 651 1228 701 cardinali)

162 725 238 772 De
269 726 412 786 Lugo
447 727 723 786 respondit,
763 726 854 771 Ubi
887 725 995 770 DD.
1033 727 1230 770 senten·

168 799 274 845 riae
303 802 623 843 concurrunt
651 798 892 854 utrinque
916 797 1228 853 probabiles,

164 872 453 927 sequendas
487 882 594 915 esse
623 869 903 925 opiniones,
917 879 1016 924 pro
1048 867 1225 912 condi-

166 941 301 986 tione
333 941 557 985 locorum
593 943 643 985 et
671 941 949 990 hominum,
988 938 1231 983 barbaris

163 1021 612 1058 uvoaammoans
647 1009 737 1061 (De
761 1009 937 1054 Tech0.
965 1010 1092 1054 Hist.
1129 1007 1230 1052 Pa·

164 1084 455 1139 raquariae
495 1080 603 1126 Lib.
648 1080 706 1135 X,
741 1081 807 1125 15.
838 1079 1048 1127 Carden.
1100 1080 1226 1124 Cris.

175 1150 338 1197 Theoi.
359 1151 490 1196 Diss.
508 1150 571 1205 11,
591 1152 617 1209 g
638 1150 759 1205 553).
785 1149 998 1195 Demum
1022 1149 1229 1195 ineunte

164 1235 293 1268 saec.
335 1221 494 1267 XVIII
528 1221 776 1281 quaestio,
818 1234 908 1267 nec
948 1220 1227 1271 mediocris,

166 1297 277 1338 orta
309 1296 401 1343 est,
437 1299 606 1337 utrum
644 1306 673 1336 a
707 1293 813 1351 lege
839 1291 1019 1351 jejunii
1043 1291 1230 1335 exime-

164 1365 340 1407 rentur
362 1363 414 1407 hi
435 1363 522 1421 qui
547 1362 671 1407 olbis
695 1360 999 1406 esurialibus
1030 1361 1104 1406 uti
1128 1373 1227 1405 non

168 1436 415 1493 poterant,
448 1432 707 1478 nonnullis
746 1432 797 1477 id
840 1430 1227 1484 affirmantibus,

170 1503 475 1562 negantibus
510 1503 624 1548 aliis
657 1502 803 1562 longe
837 1501 1086 1562 pluribus,
1109 1501 1224 1548 Cle-

161 1587 319 1620 mens.
356 1574 420 1619 x1
455 1574 621 1620 noluit
662 1573 1055 1620 controversiam
1100 1572 1223 1618 diri·

165 1658 309 1690 mere.
341 1645 404 1690 Et
437 1659 499 1690 ne
532 1644 788 1689 videretur
819 1657 928 1689 eam
964 1642 1227 1688 diremisse

163 1714 368 1761 Indulto
386 1728 623 1761 concesso
642 1728 719 1760 an.
746 1714 874 1768 1703,
892 1727 992 1774 quo
1011 1716 1225 1769 caverat,

162 1798 291 1833 sono
317 1790 480 1833 tenuit·
501 1788 779 1844 (tenentur)
803 1788 875 1832 ad
898 1798 1166 1833 osservare
1190 1788 1228 1830 il

165 1860 394 1915 diyimw,
430 1858 662 1918 sequenti
696 1871 825 1903 anno
864 1857 1038 1911 edixit,
1071 1870 1225 1904 stANo

163 1931 328 1975 tenuit·
362 1933 668 1986 (teneantur)
698 1932 769 1974 acl
800 1941 1068 1976 osservare
1091 1931 1131 1973 il
1152 1930 1227 1975 di-

157 2002 350 2058 m‘uno:
382 2013 561 2058 nempe
594 1999 891 2058 significans
934 1999 1016 2045 his
1061 1999 1226 2045 verbis

142 2072 234 2123 'se,
267 2071 414 2131 quasi
438 2070 587 2116 Urbis
610 2070 934 2129 Episcopum,
968 2069 1225 2115 indultum

164 2139 406 2187 Romanis
438 2141 706 2187 concedere
740 2155 798 2186 ea
828 2141 952 2200 lege,
987 2144 1044 2186 ut
1077 2142 1227 2187 unica

164 2212 432 2258 refectione
453 2213 675 2258 contenti
692 2216 862 2258 essent
879 2212 1079 2265 (Bened.
1097 2212 1226 2266 XIV,

162 2281 311 2328 Notis.
353 2285 418 2334 15,
451 2296 498 2327 n.
532 2283 628 2341 24).
728 2334 730 2337 y

218 2355 248 2398 6
281 2354 398 2399 Ben.
431 2353 560 2407 XIV,
598 2357 671 2401 De
707 2356 823 2411 Syn.
856 2354 965 2408 VII,
1007 2356 1072 2407 11,
1107 2355 1147 2398 2.
1169 2354 1224 2400 V.

157 2429 186 2479 ἓ
222 2425 320 2480 162,
354 2425 422 2468 20.

220 2498 243 2542 7
278 2497 459 2542 Bened.
485 2497 599 2541 XIV
622 2497 825 2556 Encycl.
859 2500 956 2543 Vix
982 2500 1227 2555 pervenit

157 2579 203 2612 v.
237 2568 475 2612 Primum
508 2570 520 2610 1
551 2567 672 2614 Nov.
701 2570 826 2612 1744.

217 2638 245 2680 8
279 2637 326 2684 S.
353 2638 500 2697 Alph.
526 2638 611 2691 111,
635 2639 737 2683 669.
770 2639 875 2684 Hac
909 2653 958 2683 re
982 2652 1081 2684 non
1104 2638 1224 2684 licet

158 2708 507 2768 ignorantibus
540 2708 805 2754 obtrudere
838 2710 1048 2762 tutiora;
1083 2723 1220 2755 exce-

159 2780 261 2839 ptis
295 2780 374 2824 his
399 2780 486 2839 qui
510 2780 798 2839 perfectioni
825 2780 1046 2834 student,
1071 2781 1114 2825 si
1139 2794 1222 2839 pa-

156 2851 252 2896 rati
286 2852 390 2896 sint
424 2864 482 2894 ea
514 2851 656 2910 sequi
693 2850 842 2906 (Croi.
874 2850 952 2901 VI,
983 2850 1043 2901 ΙΙ,
1075 2851 1223 2908 1737),

154 2920 1223 2967 etdummodoinerroremnoninducantur.

214 2993 243 3034 9
276 2994 322 3036 S.
352 2992 497 3050 Alph.
534 2991 590 3045 V,
622 2993 693 3044 5⁶2,
728 2992 778 3036 in
813 2992 923 3037 fine.

224 3063 273 3105 10
308 3063 382 3106 Ex
420 3063 464 3108 S.
502 3063 650 3122 Alph.
687 3062 767 3115 VI,
800 3063 901 3107 604,
937 3062 1000 3106 Et
1033 3062 1218 3108 nihilo-

159 3134 330 3178 minus
355 3142 471 3177 sunt
496 3135 582 3193 qui
607 3136 805 3192 putant,
831 3133 1222 3192 propositionem

160 3203 286 3248 hanc
321 3203 380 3248 cl.
412 3204 575 3261 Gury:
605 3205 828 3248 Licitum.
853 3209 930 3249 est
949 3205 1093 3260 sequi
1119 3206 1222 3259 opi·

162 3275 368 3319 nionem
406 3285 544 3318 VERE
578 3279 626 3319 et
665 3286 844 3320 somne
881 3276 1222 3330 probabilem,

158 3346 344 3391 relicta
389 3347 575 3390 tutiore
624 3358 784 3401 aeque
826 3346 1099 3401 probabili,
1143 3346 1223 3391 vel

160 3418 320 3462 etiam
345 3428 462 3462 vere
475 3418 832 3472 probabiliori,
855 3417 1221 3475 explodendam

159 3499 271 3531 esse
302 3486 448 3546 quasi
483 3486 663 3537 laxam,
700 3501 759 3531 ex
795 3487 843 3533 S.
870 3487 1116 3545 Alphonsi
1139 3487 1223 3533 do·

163 3558 345 3606 ctrina,
362 3557 494 3616 quod
516 3558 601 3601 vix
626 3558 858 3602 credibile
883 3558 1022 3603 dictu
1046 3563 1123 3603 est
1142 3558 1221 3613 (V.

161 3630 189 3678 ἓ
227 3627 324 3681 129,
357 3627 446 3684 25).
480 3627 612 3686 Ergo
657 3640 716 3670 ex
762 3628 807 3671 S.
846 3629 1093 3686 Alphonsi
1128 3629 1217 3673 do·

160 3698 322 3744 ctrina
368 3711 520 3757 grave
569 3698 663 3742 erit
708 3711 817 3742 eam
866 3702 1023 3757 sequi.
1067 3700 1221 3759 Atqui

1332 653 1378 700 S.
1409 652 1563 713 Alph.
1594 658 1835 715 perpetuo
1867 655 2055 712 docuit,
2099 655 2161 701 Ut
2195 667 2298 703 non
2326 654 2398 701 sit
2535 696 2538 698 ,

1327 728 1595 779 peccatum
1619 737 1781 783 prave
1812 726 2015 784 sufficit,
2047 730 2109 772 ut
2129 738 2255 774 vera
2277 736 2396 784 pro-

1330 796 1570 841 babilitas
1630 797 1904 851 habeatur,
1957 798 2183 853 intelligo
2241 798 2395 843 illam

1329 877 1462 923 quae
1490 866 1837 923 fundamento
1869 877 1978 912 Non
2002 877 2163 914 ‘raum
2194 867 2397 920 nititur,

1329 941 1385 981 ut
1419 941 1526 983 tuto
1560 937 1743 994 (juoeca
1770 949 2024 984 commun.
2057 939 2288 991 sentent.)
2313 947 2399 985 sa·

1330 1020 1510 1054 POSH'A
1542 1019 1868 1059 QUAESTIONE
1902 1020 1969 1054 ns·
2011 1019 2398 1063 raonsmmoat,

1330 1092 1394 1125 m·
1429 1091 1590 1127 mnus
1624 1091 1914 1133 mmmmm,
1950 1082 2118 1137 possit
2159 1081 2320 1127 teneri
2350 1082 2402 1127 ei
2496 1072 2498 1074 ’

1328 1153 1500 1197 doceri
1523 1150 1590 1206 (S.
1615 1150 1763 1210 Alph.
1789 1149 1874 1206 III,
1898 1153 2024 1210 post.
2050 1163 2096 1196 n.
2121 1148 2220 1196 139.
2236 1150 2401 1208 Epist.

1328 1233 1457 1279 resp.
1482 1236 1527 1267 v.
1550 1223 1891 1268 Adversarius
1914 1224 1969 1267 in
1992 1221 2248 1277 Disserl.):
2272 1223 2323 1267 et
2345 1221 2397 1267 in

1330 1293 1522 1338 Praoeis
1570 1291 1905 1349 confessarii,
1941 1305 1990 1337 n.
2031 1293 2130 1347 114,
2165 1291 2399 1352 queritur

1328 1377 1432 1410 non
1463 1366 1778 1415 rationibus,
1801 1366 1889 1409 sed
1912 1365 2239 1410 mordacibus
2263 1364 2397 1410 inse·

1328 1437 1662 1488 elationibus,
1694 1435 1899 1479 stetisse
1936 1433 2183 1479 adversus
2206 1445 2261 1480 se
2282 1445 2400 1480 con-

1328 1506 1512 1550 trariae
1547 1504 1827 1549 sententiae
1861 1506 2116 1562 patronos.
2141 1501 2241 1550 Sed
2272 1507 2395 1551 esto.

1329 1579 1457 1635 Ergo
1490 1577 1689 1634 praeter
1721 1572 2311 1635 Aequiprobabilismum
2347 1577 2400 1620 et

1328 1645 1842 1700 Probabiliorismum‚
1866 1644 2017 1690 hodie
2038 1643 2237 1690 nullum
2257 1643 2398 1691 aliud

1328 1719 1563 1778 superest
1596 1716 1780 1762 morale
1815 1721 2055 1776 systema,
2089 1714 2224 1775 quod
2259 1711 2400 1762 licite

1328 1787 1527 1833 defendi
1546 1790 1596 1833 et
1613 1788 1755 1846 sequi
1780 1788 1967 1846 possim
1992 1785 2203 1846 ideoque
2221 1784 2398 1833 Proba·

1327 1858 1564 1904 bilismus
1590 1850 1878 1903 moderatus
1905 1855 2256 1903 exsibilandus
2279 1857 2399 1914 erit;

1328 1930 1704 1988 tenendumque
1765 1931 1859 1982 est,
1922 1929 2140 1987 turpiter
2201 1938 2398 1974 errasse

1329 2001 1608 2059 Theologos
1643 2013 1796 2060 prope
1835 2001 2130 2064 innumeros
2170 1994 2396 2044 omni'um

1327 2072 1591 2125 Ordinum,
1625 2074 1675 2115 et
1707 2072 1759 2115 in
1794 2070 1971 2129 primis
1998 2069 2054 2116 Ο.
2078 2068 2171 2115 ΡΡ.
2193 2071 2244 2114 et
2266 2067 2314 2114 S.
2335 2067 2397 2122 J„

1328 2145 1460 2188 inter
1493 2155 1618 2201 quos
1651 2144 1727 2187 tot
1760 2141 1948 2199 pietate
1982 2141 2226 2198 insignes,
2250 2139 2395 2198 inff-

1327 2215 1427 2263 nio‚
1468 2213 1712 2266 doctrina,
1753 2211 1964 2258 consilio
2006 2208 2394 2270 praestantissi-

1328 2298 1454 2338 mos,
1478 2284 1565 2345 qui
1589 2284 1633 2328 ei
1658 2296 1837 2329 nomen
1863 2279 2144 2327 dederunt?
2169 2280 2236 2326 Et
2257 2281 2306 2326 si·
2326 2281 2400 2327 ita

1328 2359 1420 2410 est,
1459 2355 1662 2400 ubinam
1685 2358 1764 2399 est
1787 2356 2015 2408 systema
2036 2350 2164 2398 illud
2196 2351 2397 2404 morale,

1329 2426 1462 2486 quod
1497 2428 1552 2470 in
1586 2426 1815 2470 Ecclesia
1844 2423 2128 2478 Catholica,
2149 2423 2400 2470 catholice

1328 2497 1543 2554 defendi
1567 2511 1595 2542 a
1617 2496 1773 2543 Clem.
1793 2494 1929 2549 XIII,
1945 2508 2023 2541 an.
2047 2493 2174 2547 1761,
2192 2492 2400 2552 ipsimet

1329 2568 1378 2614 S.
1400 2568 1659 2626 Alphonso
1685 2577 1986 2626 responsum
2015 2564 2124 2610 est?
2160 2563 2224 2609 Et
2258 2563 2303 2608 si
2334 2563 2395 2610 il·

1329 2640 1490 2683 lorum
1526 2639 1779 2684 sententia
1811 2639 1943 2682 laxa
1977 2634 2192 2681 dicenda
2222 2633 2301 2680 est
2333 2646 2399 2680 ex

1328 2709 1374 2755 S.
1402 2710 1646 2768 Alpbonsi
1677 2708 1885 2767 judici0,
1907 2709 2084 2753 dicant
2116 2715 2252 2759 (nam
2280 2707 2398 2752 ante

1327 2781 1373 2827 S.
1406 2781 1666 2826 Doctorem
1692 2781 1822 2824 inter
1849 2776 2268 2824 Probabilismum
2295 2788 2399 2822 mo-

1326 2852 1557 2896 deratum
1592 2854 1641 2894 et
1674 2850 2058 2900 Tutiorismnm,
2090 2860 2182 2893 seu
2215 2845 2398 2892 Proba·

1327 2920 1676 2972 biliorismum,
1701 2919 1828 2964 nibil
1853 2919 1951 2964 fuit
1980 2916 2224 2969 tertium),
2245 2927 2399 2976 quae-

1326 3005 1440 3037 nam
1466 2996 1542 3036 est
1565 2991 1816 3035 sententia
1839 2988 1941 3039 illa,
1967 3000 2118 3047 quam
2144 2987 2254 3046 ipse
2283 2999 2397 3032 ann.

1332 3063 1458 3114 1748,
1482 3062 1608 3115 1755,
1629 3059 1869 3104 tuendam
1891 3058 2118 3117 suscepit
2136 3057 2284 3116 quasi
2309 3069 2398 3116 pro

1325 3133 1427 3178 aris
1462 3135 1511 3176 et
1543 3132 1692 3187 focis3
1727 3142 1879 3192 quam
1916 3130 2399 3175 communissimam

1324 3199 2397 3260 etprobabilissimamappellavitfflissert.

1324 3277 1398 3321 De
1430 3276 1545 3320 Usu.
1581 3275 1773 3319 Moder.
1810 3273 1956 3329 Opin.
1983 3272 2243 3328 probam,
2263 3282 2399 3328 quae

1317 3359 1412 3402 per
1427 3349 1528 3391 duo
1540 3344 1656 3402 fere
1667 3345 1880 3390 saecula
1898 3344 2100 3388 labores
2115 3342 2399 3398 totsapien-

1323 3421 1431 3461 tum
1449 3416 1723 3466 eoehausic,·
1740 3425 1972 3473 quaeque
1987 3413 2096 3470 ipse
2115 3409 2399 3470 ignorabat,

1322 3489 1571 3544 quomodo
1583 3489 1756 3541 posset
1779 3484 1930 3539 rejici
1948 3482 2019 3539 (S.
2041 3481 2190 3540 Alph.
2227 3482 2394 3528 Theoi.

1324 3557 1511 3601 Mor-al.
1549 3555 1682 3599 Edit.
1713 3553 1842 3607 1762,
1880 3552 2008 3606 1763,
2042 3551 2177 3607 Pref
2203 3552 2276 3596 ad
2294 3550 2392 3597 Le-

1322 3632 1472 3683 ctor);
1508 3626 1567 3671 de
1612 3639 1712 3684 qua
1756 3625 1942 3670 idcirco
1991 3622 2204 3683 pluries,
2241 3620 2393 3667 etiam

1322 3701 1437 3758 post
1460 3711 1539 3744 an.
1569 3696 1682 3742 1762
1704 3694 1781 3753 (V.
1806 3698 1834 3748 ἓ
1860 3696 1926 3749 11,
1957 3693 2062 3752 102)
2083 3692 2396 3750 conquestus
