2548 4042
553 0 679 36 PARS
715 0 868 37 Palu
889 7 914 23 ⁸
936 0 1308 37 Pnouuoumu
1326 7 1351 23 ·
1373 0 1545 38 TRAOE'·
1570 0 1638 37 m.
1670 0 1738 37 D!
1771 0 1980 41 mmm

144 82 334 155 quoad
363 81 642 143 discedat,
672 84 733 135 et
760 96 835 136 ex
875 95 991 152 quo
1033 95 1307 139 revems
1347 79 1541 144 merit,
1569 82 1813 147 tenetur
1832 82 1968 154 'ejus
2002 68 2114 140 loci
2142 42 2385 156 legibus
2415 94 2492 117 ⁶

143 170 459 241 negativis,
493 173 554 223 ut
597 176 753 239 puta.
774 169 1027 239 jejunio:
1061 170 1231 224 immo
1272 173 1335 225 et
1377 170 1641 239 positivis
1664 171 1742 243 (v.
1771 187 1840 236 c.,
1871 173 2104 229 missam
2145 172 2376 253 audire)

141 275 288 330 quas
315 259 682 314 discessurus
713 259 953 327 implere
972 259 1097 328 jam
1121 259 1425 314 debuisset
1453 275 1567 330 quo
1590 265 1850 328 tempore
1873 262 2194 334 discedit&
2220 262 2368 336 167);

141 350 235 402 vel
279 364 430 419 quae
470 349 664 402 adhuc
706 347 931 415 impleri
980 352 1217 416 possunt
1246 363 1376 402 cum
1408 348 1559 404 redit
1582 349 1709 418 (46).
1740 349 2127 408 Nihilominus
2154 356 2383 409 statuta

139 437 372 492 alienae
411 436 699 491 dioecesis
738 437 1006 504 obligant
1045 437 1213 508 quasi
1259 437 1426 506 leges
1471 441 1772 493 naturales
1810 437 1867 509 (ἓ
1905 441 1995 502 86,
2033 442 2147 509 36),
2184 441 2231 497 si
2278 457 2380 498 ne-

141 530 361 597 queant
403 526 605 579 violari
651 527 778 581 sine
820 526 1122 589 scandalo;
1161 543 1212 580 v.
1244 542 1310 589 c.,
1340 542 1493 598 quae
1538 529 1849 597 prohibent
1889 530 2130 587 servilia
2169 531 2379 587 diebus

144 615 339 671 festis:
382 619 442 670 et
483 619 710 670 statuta
749 615 1034 670 dioecesis
1077 616 1339 686 propriae
1381 617 1648 685 obligant
1699 623 1868 672 extra
1907 620 2286 684 territorium,
2327 608 2387 676 si*

141 704 197 758 id
240 704 393 774 quod
433 706 647 759 absens
688 708 856 758 extra
899 705 1038 760 facit
1083 705 1174 759 vel
1216 706 1454 768 omittit,
1485 706 1544 760 in
1589 706 1780 776 patria
1821 712 2029 764 noceat
2054 707 2187 781 (47).

217 791 346 848 205.
386 791 645 864 Cumque
673 796 859 847 omnis
890 799 1145 863 potestas
1171 810 1207 848 a
1237 796 1350 848 Deo
1390 795 1485 858 sit,
1516 795 1683 864 leges
1713 797 2019 861 humanae,
2048 799 2175 854 sive
2208 813 2381 855 cano-

142 883 311 939 nicae
339 885 465 939 sive
495 884 718 946 civiles,
740 884 1024 951 obligant,
1055 885 1428 952 regulariter,
1460 884 1516 937 in
1548 889 1798 955 utroque
1824 885 1944 939 foro
1965 884 2102 958 (48).
2128 887 2379 959 Ideoque

141 973 563 1029 conscientiam
582 973 959 1041 obstringunt
979 973 1155 1027 etiam
1179 973 1384 1028 civiles
1405 974 1590 1041 leges:
1618 974 1943 1045 l⁰quaejus
1959 975 2194 1047 aliquod
2217 976 2380 1032 nobis

141 1066 465 1134 praestant,
495 1063 587 1117 vel
623 1063 944 1117 restituunt
970 1060 1109 1133 (49);
1133 1063 1189 1116 2⁰
1212 1078 1363 1132 quae
1394 1065 1671 1117 statuunt
1699 1080 1812 1133 quo
1843 1065 2245 1133 probationum
2273 1080 2378 1135 ge·

142 1166 288 1206 nere
333 1153 389 1220 (ἓ
427 1152 516 1214 26,
559 1152 652 1223 21)
693 1152 749 1205 in
783 1152 921 1221 jure
965 1152 1045 1205 uti
1087 1156 1358 1221 oporteat
1397 1151 1528 1223 (50).
1569 1153 1626 1207 3⁰
1662 1154 1858 1216 Quoad
1906 1155 2034 1210 illas
2075 1157 2382 1212 dumtaxat

143 1241 330 1309 leges»,
357 1255 509 1310 quae
541 1256 650 1295 non
685 1242 987 1315 praestant
1022 1242 1312 1295 actionem
1347 1241 1401 1295 in
1434 1243 1551 1296 foro
1583 1247 1844 1306 externo,
1886 1244 2144 1299 animum
2174 1245 2383 1300 adver-

203 1403 262 1448 46
284 1401 471 1449 Sanch.
489 1401 552 1446 M.
575 1400 663 1453 ΙΙΙ,
691 1401 761 1455 18,
782 1401 855 1447 21.
880 1401 1019 1447 Less.
1043 1400 1126 1455 1v,
1149 1401 1212 1454 11,

141 1475 216 1526 55,
248 1475 322 1518 56.
357 1473 407 1518 S.
431 1473 580 1533 Alph.
604 1471 645 1527 1,
679 1473 772 1525 157,
807 1475 849 1517 4.

201 1546 256 1590 47
292 1544 348 1590 L.
382 1545 409 1588 2
440 1544 492 1591 C.
527 1545 668 1592 Quae
699 1557 785 1590 res
817 1548 1014 1599 empore.
1049 1543 1144 1592 CC.
1168 1543 1210 1596 2,

144 1617 193 1661 11
222 1618 295 1663 De
322 1616 497 1660 cleric.
534 1626 636 1659 non
669 1617 823 1659 resia.
851 1613 1034 1660 Sanch.
1067 1628 1114 1659 n.
1145 1616 1210 1659 14.

139 1687 337 1740 Bonae„
371 1688 539 1746 Laym.
573 1684 659 1739 XI,
692 1686 732 1730 3.
767 1685 935 1730 Veluti
978 1686 1022 1730 si
1059 1698 1208 1744 paro-

139 1757 286 1811 chus,
312 1756 489 1802 relicta
511 1756 766 1816 parochia,
794 1769 997 1815 peregre
1032 1756 1213 1801 abierit

139 1829 212 1883 (C.
231 1829 303 1881 23,
322 1829 443 1875 Cau.
462 1829 505 1881 7,
536 1831 571 1872 1.
592 1827 745 1873 Salm.
768 1827 828 1878 X,
854 1828 889 1882 l,
915 1828 1016 1879 109;
1042 1827 1210 1885 ibique

136 1899 306 1950 Avila.
338 1903 429 1944 etc.
465 1898 607 1943 Suar.
644 1899 718 1945 De
746 1898 956 1945 Censur.
979 1898 1039 1952 V,
1071 1901 1115 1951 4,
1147 1898 1208 1951 8).

197 1970 257 2014 48
280 1969 365 2016 SS.
388 1968 442 2014 D.
463 1970 520 2015 N.
542 1971 638 2014 Leo
661 1968 790 2014 xm.
811 1969 863 2017 C.
883 1970 1211 2015 Diuturnum

139 2042 275 2085 illud
306 2040 366 2084 29
396 2040 539 2085 Junii
574 2040 701 2084 1881.
736 2039 878 2085 Rom.
909 2040 975 2094 13,
1004 2039 1082 2086 1.Ι
1109 2040 1210 2083 Pet.

135 2113 178 2162 2,
210 2111 274 2156 13.
303 2109 361 2156 V.
383 2110 485 2156 Jos.
507 2112 551 2162 6,
582 2112 658 2164 18;
685 2114 730 2165 7,
758 2111 870 2157 19.1
897 2111 1013 2170 Reg.
1045 2112 1109 2162 14,
1139 2110 1209 2163 21,

137 2182 209 2226 43.
226 2181 280 2229 C.
300 2183 335 2237 l,
356 2183 383 2240 ξ
406 2182 495 2227 ult.
513 2183 587 2228 De
613 2186 835 2229 Testam.
854 2183 906 2226 in
925 2183 988 2227 6⁰.
1010 2181 1065 2225 D.
1087 2180 1204 2225 Tho.

144 2253 181 2308 l,
207 2253 249 2307 2,
273 2254 345 2306 96,
379 2257 422 2299 4.
456 2253 631 2306 Secus,
665 2253 841 2299 civiles
874 2252 1013 2312 leges
1047 2251 1110 2296 ad
1143 2252 1206 2296 il-

137 2322 451 2382 laqueandas
504 2323 843 2369 conscientias
896 2323 1211 2367 deservirent

138 2392 300 2452 (Lugo
329 2398 395 2439 De
418 2395 593 2438 Juseit.
620 2394 724 2447 VII,
750 2393 811 2447 6).
837 2394 900 2438 Et
923 2392 998 2438 vel
1026 2393 1087 2438 de
1111 2392 1208 2438 fide

138 2466 232 2517 est,
248 2463 324 2508 vel
345 2462 460 2508 fidei
482 2464 766 2522 proximum
786 2463 947 2518 (Suar.
965 2463 1130 2514 111‚21‚
1146 2465 1211 2520 5).

138 2533 256 2578 Ideo
289 2537 565 2592 utrumque
598 2535 774 2589 forum,
809 2538 1058 2593 quantum
1099 2534 1207 2579 fieri

136 2607 318 2664 potest,
350 2605 616 2649 convenire
657 2604 802 2650 debet
837 2604 1043 2657 (Sanch.
1077 2604 1135 2648 D.
1172 2605 1208 2649 1.

143 2675 208 2728 10,
236 2675 300 2718 13.
321 2673 474 2720 Salm.
496 2674 571 2728 20,
594 2676 638 2725 6,
659 2675 705 2732 6;
727 2675 775 2720 S.
797 2675 948 2733 Alph.
966 2674 1054 2728 111,
1076 2675 1205 2731 654):

136 2747 242 2792 Nec
281 2750 451 2803 potest
490 2748 672 2791 melior
716 2749 921 2803 regula,
953 2751 998 2791 et
1042 2748 1209 2802 mayis

137 2819 458 2863 universalis
482 2820 640 2868 tradi,
662 2830 821 2874 quam
843 2829 977 2873 quae
1002 2829 1067 2862 eoe
1091 2816 1209 2873 foro

138 2892 357 2934 externo
389 2891 590 2933 desumi
614 2892 813 2944 potest,·
846 2889 1043 2945 quoties
1071 2889 1207 2934 enim

136 2959 196 3003 in
233 2958 352 3014 foro
398 2964 614 3005 externo
652 2972 774 3004 reus
813 2961 1209 3012 condemnatur,

136 3030 271 3073 idem
306 3032 362 3073 in
394 3029 513 3086 foro
536 3033 738 3076 inter-reo
759 3032 1080 3076 servandum
1101 3034 1208 3082 esc,-

137 3101 347 3156 quando
381 3111 500 3144 vero
523 3102 579 3145 in
601 3100 719 3157 foro
744 3106 959 3147 externo
987 3101 1206 3146 absolvi-

138 3173 241 3219 tur,
294 3171 427 3213 idem
469 3172 740 3215 dicendum
772 3176 846 3217 esc
879 3174 936 3216 in
966 3171 1086 3226 foro
1120 3175 1205 3217 in·

140 3243 285 3285 terno
319 3239 482 3297 (Lugo
520 3242 589 3285 De
620 3244 747 3286 Just.
790 3242 867 3294 23,
907 3243 1027 3299 110).
1071 3242 1207 3288 Haec

137 3309 315 3368 regula
346 3314 468 3355 tunc
502 3310 662 3355 solum
696 3315 876 3365 cessat,
901 3325 1016 3357 cum
1041 3311 1204 3357 forum

136 3386 402 3425 externum
426 3382 838 3439 praesumptione
861 3382 981 3427 facti
1007 3384 1058 3436 (ἓ
1084 3382 1206 3438 208),

135 3451 395 3495 internum
427 3450 499 3495 rei
532 3452 744 3495 veritate
788 3453 972 3497 nititur
1006 3452 1207 3507 (Sanch.

136 3522 199 3566 M.
234 3521 295 3576 11,
329 3523 404 3575 4l,
443 3521 510 3565 12.
542 3521 592 3567 S.
627 3522 776 3580 Alph.
815 3522 844 3567 l.
887 3536 927 3569 c.
962 3522 1106 3569 Suar.
1141 3527 1210 3570 De

143 3595 351 3639 Cen-eur.
383 3592 457 3647 40,
490 3593 535 3647 5,
572 3592 660 3642 16).

197 3663 258 3707 49
289 3661 348 3707 V.
381 3661 591 3709 Salmat.
626 3661 709 3717 XI,
742 3663 786 3717 2,
820 3663 865 3718 3,
913 3667 1004 3710 etc.
1042 3667 1205 3711 Prae-

1315 1406 1482 1455 stare&
1495 1417 1537 1449 ν.
1550 1415 1748 1462 c.,quae
1763 1405 1894 1463 patri
1912 1405 2194 1451 concedunt
2210 1418 2383 1453 usum·
2418 1439 2426 1450 .

1315 1473 1533 1519 fructum
1570 1475 1622 1519 in
1662 1474 1805 1519 bonis
1840 1474 2299 1529 filiorumfamilias,
2331 1480 2383 1523 et

1315 1543 1550 1589 filiisfam.
1579 1544 1859 1603 legitimam
1885 1546 1935 1590 in
1962 1545 2106 1592 bonis
2134 1546 2378 1606 paterniuz

1313 1627 1441 1674 quae
1461 1614 1725 1660 dimidiam
1747 1615 1974 1661 thesauri
1994 1622 2186 1674 partem
2206 1618 2381 1664 inven-

1314 1686 1410 1730 tori
1430 1685 1677 1738 tribuunt‚
1699 1685 1962 1731 dimidiam
1989 1685 2192 1734 domino
2214 1687 2384 1743 fundiz

1314 1769 1441 1815 quae
1469 1757 1632 1801 vicino
1662 1757 1791 1801 muri
1817 1758 2218 1805 communionem
2244 1773 2388 1820 prae-

1314 1830 1474 1877 stantz
1511 1827 1589 1872 vel
1625 1828 1875 1872 actionem
1913 1827 2085 1873 damni
2128 1829 2231 1875 dati
2273 1829 2385 1877 sola

1314 1898 1462 1956 culpa
1486 1897 1639 1944 civili.
1673 1900 1983 1945 Restituunt.
2009 1897 2067 1944 V.
2091 1898 2248 1958 Lugo,
2276 1898 2384 1955 vll,

1320 1970 1428 2022 1553
1452 1968 1587 2014 Reiff
1616 1968 1651 2020 1,
1671 1971 1744 2022 41,
1760 1982 1842 2013 nn.
1862 1969 1935 2023 64,
1957 1968 2029 2015 91.
2054 1970 2103 2015 S.
2125 1969 2275 2030 Alph.
2294 1970 2381 2024 111,

1313 2039 1422 2084 514:
1458 2043 1515 2084 ut
1549 2052 1659 2084 ecce
1692 2051 1821 2097 quae
1855 2038 2139 2085 concedunt
2176 2041 2380 2087 restitu-

1314 2111 1501 2155 tionem
1523 2110 1572 2155 in
1594 2111 1847 2168 integrum
1873 2110 2154 2157 minoribus
2177 2114 2223 2167 (5
2237 2110 2379 2169 3⁴,9)

1314 2181 1488 2239 nuptis
1525 2185 1571 2235 (ἓ
1602 2181 1673 2232 48,
1706 2183 1798 2238 11);
1836 2184 2026 2227 metum
2061 2183 2246 2240 passiS,
2281 2182 2380 2230 Re-

1311 2251 1579 2309 gulam-ibus
1604 2254 1649 2304 (ἓ
1674 2251 1770 2303 104,
1787 2250 1879 2299 22).
1902 2251 2051 2297 Porro
2074 2251 2212 2311 leges
2236 2265 2382 2313 quae,

1314 2323 1611 2381 praeter-jus
1636 2322 1987 2382 naturale‚jus
2005 2321 2214 2382 aliquod
2240 2322 2381 2370 nobis

1312 2395 1617 2446 restituunt,
1641 2392 1691 2437 id
1718 2396 1980 2451 praestant
2002 2393 2162 2439 officio
2187 2392 2380 2454 judicis

1314 2463 1387 2515 (L.
1422 2465 1463 2515 3,
1497 2463 1551 2511 C.
1579 2467 1650 2510 De
1681 2466 1738 2509 in
1771 2467 1950 2520 intem.
1983 2467 2192 2519 rescit.);
2224 2468 2380 2525 atque
2476 2476 2481 2480 ’

1313 2535 1424 2580 ideo
1465 2538 1580 2580 ante
1624 2536 1928 2580 sententiam
1957 2534 2149 2594 judicis
2187 2534 2318 2581 nihil
2352 2548 2382 2581 a
2475 2592 2482 2594 ἡ

1312 2607 1457 2652 nobis
1470 2607 1697 2653 debitum
1713 2607 1933 2652 naturali
1946 2607 2060 2667 jure
2076 2607 2382 2668 intelligitur

1312 2678 1516 2731 (Sanch.
1542 2679 1603 2722 M.
1629 2678 1710 2732 VI,
1734 2679 1805 2730 38,
1833 2677 1904 2722 32.
1931 2678 2073 2737 Lugo
2098 2679 2171 2724 De
2203 2680 2377 2725 Justit.

1310 2749 1384 2803 22,
1431 2749 1547 2804 296;
1597 2749 1741 2794 Reiff.
1791 2750 1827 2802 1,
1869 2749 1941 2802 41,
1988 2749 2064 2803 ¹73
2115 2754 2166 2794 et
2207 2748 2378 2794 innuit

1312 2819 1360 2864 8.
1385 2818 1532 2877 Alph.
1562 2818 1649 2872 111,
1681 2819 1804 2876 827).

1370 2890 1427 2934 50
1449 2890 1522 2933 Ex
1547 2889 1639 2937 CC.
1658 2891 1700 2942 3,
1725 2889 1754 2931 9
1772 2891 1846 2936 De
1863 2890 2159 2935 Probation.
2179 2888 2249 2935 Ut
2269 2901 2380 2935 ecce

1309 2972 1440 3019 quae
1467 2961 1551 3003 uni
1580 2961 1699 3005 testi
1722 2961 1818 3005 etsi
1842 2959 2202 3018 probatissimo
2225 2959 2379 3005 fldem

1311 3031 1586 3089 abnegantz,
1601 3044 1645 3075 v.
1657 3043 1712 3085 c.,
1724 3030 1870 3076 Matri
1884 3029 2143 3076 adulterae
2159 3031 2205 3088 (5
2218 3032 2291 3084 50,
2307 3030 2355 3087 5)
2371 3042 2382 3074 :

1309 3114 1437 3161 quae
1471 3101 1631 3146 solam
1659 3105 1911 3159 scriptam
1937 3104 2026 3146 aut
2047 3100 2243 3146 nullam
2266 3113 2380 3146 om-

1310 3174 1429 3217 nino
1477 3171 1822 3231 probationem
1870 3172 2138 3230 recipiunt.
2190 3169 2379 3216 Verum

1310 3244 1431 3303 quia
1453 3244 1503 3287 in
1529 3243 1609 3288 his
1634 3243 1837 3289 casibus
1869 3254 1974 3288 non
1986 3244 2083 3299 ,ἤτω
2104 3242 2278 3301 deficit
2293 3244 2382 3288 sed

1304 3316 1543 3371 probatio
1566 3313 1645 3372 (L.
1665 3315 1694 3358 5
1716 3315 1755 3362 C
1791 3315 1868 3361 De
1897 3315 2213 3371 Transact.),
2232 3313 2276 3358 si
2292 3313 2379 3372 jus

1310 3390 1551 3443 appareat
1585 3385 1866 3438 manifeste,
1897 3386 1950 3430 in
1982 3383 2088 3430 foro
2114 3384 2377 3430 conscien-

1310 3458 1411 3499 tiae
1430 3455 1566 3513 lcges
1581 3455 1873 3515 hujusmodi
1889 3455 2016 3500 nihil
2035 3456 2260 3508 mutant3
2279 3453 2380 3499 nisi

1309 3525 1435 3570 forte
1498 3525 1851 3584 probationum
1921 3537 2086 3584 genus
2145 3522 2380 3582 formam

1311 3599 1456 3642 actus
1491 3598 1711 3655 attingat
1744 3595 1823 3652 (V.
1853 3596 1906 3645 C.
1941 3594 2000 3642 Gr.
2032 3594 2148 3650 973;
2180 3593 2243 3640 It.
2273 3593 2382 3649 779,

1317 3667 1464 3724 1314)

2535 3415 2548 3453 :¹

2514 3470 2548 3506 '5

2490 3734 2510 3761 ,⁴
