2548 4042
157 0 257 56 124
449 17 575 56 uas
609 16 810 57 miun-
830 17 1248 62 montuosum-
1221 0 1444 61 -mm
1453 0 1552 60 τί.
1527 0 1625 60 «οἰ
1641 0 1860 62 Αἶπιὶυὲ
1854 0 2172 98 fflffl
2171 64 2175 65 ff
2210 56 2239 101 ,ῳ

153 101 255 158 sed
296 103 495 156 utrum
534 115 748 156 revera
786 100 944 165 insit,
980 116 1056 157 an
1097 100 1308 167 minus,
1337 101 1564 160 veritas
1605 100 1975 175 inspicienda
2013 98 2134 164 est:
2168 90 2322 165 aaut&
2342 115 2450 185 ¹

152 193 245 260 qui
278 197 413 244 tacet
446 207 549 244 non
589 191 763 259 utique
790 192 1021 256 fatetur,
1059 192 1151 245 sed
1187 198 1360 246 tama»
1399 208 1582 246 vorum
1620 200 1699 247 erc
1732 205 1851 248 eum
1889 211 1992 251 non
2030 211 2218 268 noym-0
2246 187 2461 270 (22)·61η
2475 187 2514 229 ’Ῑ’

153 280 528 348 regulariter,
560 279 617 334 in
651 279 1068 335 favorabilibus
1093 283 1187 350 qm·
1209 288 1338 335 tacet
1361 283 1647 336 consentire
1673 283 1882 337 videtur
1906 281 2037 358 (23).
2057 282 2203 341 Cum
2231 271 2430 355 prae-'2
2454 270 2527 311 ‘³

154 374 384 439 sumpta
425 384 537 424 non
581 371 672 424 est
711 368 1122 424 confundenda
1174 370 1447 424 voluntas
1502 370 1955 440 interpretativa
2004 373 2162 443 (licet
2215 387 2394 445 saepe
2486 368 2512 385 ⁹

152 459 480 528 promiscue
512 474 692 528 penes
720 458 846 520 DD.‚
879 458 1050 513 immo
1079 460 1140 514 et
1170 458 1226 513 in
1247 460 1385 529 jure
1413 459 1538 513 acci
1549 459 1827 531 piantur);
1862 475 1932 516 ea
1959 477 2188 533 nempe,
2217 477 2395 533 quam

152 547 284 617 quis
325 563 434 603 nec
474 550 653 602 antea
684 547 906 609 habuit,
938 562 1047 601 nec
1091 547 1147 602 in
1181 562 1458 616 praesens
1500 548 1697 612 habet,
1727 549 1865 619 quia
1903 549 2061 606 illius
2099 552 2394 607 obiectum

151 651 453 706 nunquam
483 636 664 691 subiit
690 637 901 698 animo,
934 637 1243 691 habiturus
1272 637 1318 691 si
1349 637 1645 701 subiisset,
1674 641 1777 692 aut
1804 639 2026 696 subiret
2053 638 2183 712 (24).
2214 641 2391 707 Haec,

152 725 235 781 uti
282 728 459 795 patet,
504 726 647 781 nihil
692 728 781 781 est
811 725 948 796 (25),
992 725 1239 796 ideoque
1270 727 1415 780 nihil
1449 729 1732 796 praestat.
1773 729 1953 783 Nemo
1995 729 2179 798 igitur
2218 729 2394 795 velle,
2455 758 2458 763 >

148 817 254 870 aut
283 815 538 870 voluisse
581 815 942 883 intelligitur
973 816 1045 879 id,
1076 816 1148 870 de
1178 831 1292 886 quo
1333 818 1514 871 antea
1555 832 1854 887 nunquam
1896 819 2202 887 cogitavit,
2243 819 2305 875 et
2331 818 2396 875 in

150 920 431 975 praesens
472 920 585 960 non
628 905 869 973 cogitat,
919 920 988 960 eo
1041 905 1197 975 quia,
1247 906 1293 959 si
1351 905 1671 974 cogitasset
1712 909 1815 961 aut
1855 908 2162 977 cogitaret,
2211 906 2396 964 vellet

151 996 410 1066 profecto
448 998 556 1050 aut
597 995 881 1050 voluisset
912 996 1047 1064 (26);
1084 1011 1209 1059 nec,
1251 995 1296 1049 si
1332 991 1554 1066 (errore
1599 995 1812 1065 lapsus)
1855 997 2079 1068 aliquid
2108 997 2253 1062 vult,
2288 999 2398 1053 aut

148 1100 263 1141 non
293 1085 438 1148 vult,
469 1084 612 1139 illud
645 1083 820 1146 nolle,
853 1086 958 1139 hoc
994 1085 1150 1139 velle
1181 1084 1502 1139 tenendum
1533 1089 1641 1149 est,
1671 1086 1810 1155 quia
1837 1086 1883 1141 si
1916 1086 2111 1150 sciret,
2137 1086 2396 1142 alterum

149 1177 312 1231 certe
343 1175 643 1238 noluisset,
673 1175 926 1229 alterum
957 1174 1242 1229 voluisset
1268 1173 1502 1228 omnino
1530 1173 1659 1247 (27).
1692 1174 1891 1230 Solum
1921 1190 2053 1231 cum
2089 1175 2293 1246 agitur
2319 1174 2397 1232 de

209 1412 268 1457 22
301 1411 357 1460 L.
396 1411 482 1456 185
526 1413 603 1458 De
633 1412 688 1458 R.
723 1413 764 1457 I.
805 1410 855 1458 G.
887 1411 946 1455 44
980 1413 1098 1457 Εοα.
1142 1413 1222 1457 tit.

151 1483 200 1530 in
236 1485 324 1542 6⁰).

214 1555 274 1599 23
305 1553 356 1601 C.
392 1553 450 1598 43
473 1555 544 1601 Dc
578 1553 640 1598 R.
666 1554 706 1598 Ι.
732 1553 782 1598 in
809 1553 870 1597 60.
896 1551 1020 1613 Ibiq.
1043 1551 1220 1599 Barbo.

151 1639 200 1672 n.
214 1626 256 1671 9.
287 1627 635 1682 Reyulariter‚
658 1638 774 1670 nam
799 1637 960 1684 neque
990 1625 1079 1670 hoc
1103 1638 1218 1684 per-

152 1699 364 1757 petuum
398 1699 491 1742 est.
526 1694 583 1741 V.
613 1695 754 1741 Reiff.
787 1697 838 1741 in
873 1695 957 1741 cit.
989 1708 1031 1742 c.
1065 1697 1138 1747 43,
1172 1698 1222 1740 et

150 1768 294 1827 Lugo
331 1771 400 1814 De
432 1769 569 1814 Just.
599 1767 677 1820 23,
710 1767 785 1812 82.
808 1767 1020 1824 Quando
1058 1768 1102 1813 is
1135 1769 1218 1827 qui

150 1841 286 1884 tacet
309 1838 574 1883 tenebatur
599 1838 752 1897 loqui.
777 1850 837 1882 ex
866 1839 976 1897 ipsa
1003 1838 1218 1883 tacitur-

149 1910 310 1954 nitate
354 1909 702 1968 praesumitur
741 1922 1021 1954 consensus
1060 1908 1221 1967 (Lugo

150 1979 271 2027 ibid.
298 1980 369 2032 22,
396 1980 533 2035 257„
569 1980 788 2025 maxime
814 1981 853 2025 si
891 1979 1094 2024 silentio
1127 1992 1221 2024 suo

150 2049 364 2097 alterum
401 2050 600 2110 decepit
633 2051 727 2108 (Ex
749 2049 802 2095 L.
827 2051 900 2095 ⁶26.
926 2051 951 2107 ξ
980 2051 1016 2093 1.
1043 2051 1115 2095 De
1139 2050 1224 2093 Pc-

146 2134 294 2179 onor.
318 2126 467 2174 acm:
498 2125 553 2166 ut
585 2127 711 2180 puta
743 2123 785 2165 si
823 2120 947 2165 liber
982 2120 1217 2165 ancillam

151 2206 357 2238 uxorem
379 2192 547 2241 ducat.
566 2205 719 2251 quam
745 2191 870 2236 falso
890 2190 1096 2236 liberam
1118 2192 1219 2234 exi·

148 2262 405 2315 stimabat,
422 2261 626 2308 domino
652 2267 913 2320 praesente
938 2266 986 2306 et
1004 2265 1216 2306 tacente.

205 2334 263 2378 24
296 2334 446 2381 Croix
482 2332 564 2385 IV,
606 2334 741 2385 13243
778 2332 831 2378 S.
862 2332 1012 2391 Alph.
1038 2331 1120 2383 VI,
1150 2333 1215 2376 15.

145 2406 223 2451 Ex
259 2405 312 2449 L.
346 2406 400 2448 97
439 2419 509 2463 pr.
537 2406 610 2451 De
645 2404 798 2449 Solut.
831 2404 981 2448 Velut
1014 2404 1064 2447 in
1099 2402 1214 2447 infi-

147 2475 248 2520 deli
272 2475 457 2520 indolis
482 2475 653 2522 bonae.
684 2474 918 2520 voluntas
943 2473 1216 2533 recipiendi

142 2546 454 2605 baptismum
496 2550 536 2592 si
564 2546 893 2591 christianam
922 2545 1215 2604 religionem

141 2621 341 2670 nosset;
365 2618 407 2661 si
444 2617 566 2662 forte
603 2617 891 2675 baptizatus
922 2617 1074 2661 fuerit
1100 2629 1214 2661 cum

144 2686 424 2733 dormiebat
447 2687 606 2747 (Lugo
632 2690 699 2733 De
723 2690 955 2732 Sacram.
975 2686 1059 2738 IX,
1089 2686 1216 2740 129„

144 2757 225 2804 vel
258 2759 306 2803 in
338 2758 539 2804 homine
573 2758 869 2803 divitiarum
905 2757 1088 2816 cupido
1124 2770 1214 2801 vo·

144 2828 318 2875 luntas
366 2829 675 2888 surripiendi
731 2828 1032 2873 thesaurum
1081 2826 1216 2886 quod

144 2899 268 2945 latet
302 2902 350 2944 in
389 2900 542 2945 fundo
578 2899 758 2951 alieno,
791 2901 834 2944 si
869 2900 1036 2944 sciret.

204 2971 262 3014 25
287 2975 334 3017 L.
366 2973 431 3020 16,
453 2976 481 3023 ,ξ
503 2973 530 3014 3
558 2975 625 3018 Dc
650 2976 848 3017 testam.
878 2975 957 3016 tut
995 2970 1042 3015 S.
1066 2969 1219 3029 Alph.

145 3039 239 3092 VII,
274 3043 371 3085 275.
404 3041 586 3087 Nullus
613 3042 723 3087 heic
761 3046 927 3087 motus
964 3042 1014 3086 in
1049 3041 1215 3086 finem.

204 3111 263 3155 26
287 3113 360 3156 Ex
391 3112 441 3158 L.
470 3114 536 3165 19,
562 3118 591 3167 g
614 3114 640 3156 2
663 3116 733 3159 De
756 3115 941 3158 Donat.
966 3113 1048 3157 cit.
1073 3111 1123 3156 L.
1152 3113 1217 3164 16,

146 3186 174 3237 g
202 3182 231 3226 3
262 3184 334 3228 Dc
384 3187 600 3229 Testam.
643 3189 733 3228 tut.
770 3183 913 3229 Suar.
949 3184 1023 3229 De
1058 3184 1217 3238 Reecy.

146 3253 229 3299 To.
256 3253 340 3303 111,
367 3253 470 3298 Lib.
499 3253 593 3298 V11.
617 3256 737 3313 Cap.
763 3255 804 3300 2.

203 3324 260 3369 27
287 3325 436 3383 Vasq.
468 3327 504 3375 l,
530 3326 571 3377 2,
604 3326 659 3370 D.
690 3327 786 3375 126,
814 3339 861 3370 n.
884 3325 924 3370 9.
950 3324 1130 3371 Sanch.
1153 3323 1216 3369 Μ.

143 3396 231 3451 IX,
262 3396 336 3449 32,
370 3397 442 3439 26.
479 3395 593 3440 Sive
629 3399 810 3453 agatur
850 3395 911 3439 de
952 3395 1215 3440 validitate

144 3471 308 3519 actuS,
341 3469 446 3513 sive
471 3467 531 3511 de
562 3467 827 3511 honestate
853 3467 1082 3518 actionis,
1107 3467 1215 3511 sive

143 3538 206 3583 de
239 3539 413 3597 poenis
447 3537 747 3595 irrogandis.
792 3539 1036 3593 Quocirca
1066 3538 1109 3580 1ο
1143 3538 1211 3581 ir-

142 3609 317 3662 ritum,
362 3622 405 3651 v.
449 3621 505 3658 c.,
553 3620 651 3651 non
703 3612 781 3651 est
833 3608 1213 3652 matrimonium

149 3678 281 3738 quod
316 3679 433 3737 quis
467 3677 721 3723 contraxit
747 3690 860 3722 cum
899 3678 1025 3737 Seja,
1060 3690 1215 3736 quam

1326 1411 1452 1457 falso
1484 1413 1687 1471 putavit
1720 1414 1984 1472 virginem,
2006 1413 2133 1460 alias
2167 1427 2266 1461 non
2298 1415 2394 1461 du·

1325 1485 1503 1528 cturus
1536 1483 1763 1529 omnino:
1805 1497 1911 1539 nec,
1954 1497 2017 1530 ex
2057 1484 2274 1541 diverso,
2313 1486 2395 1533 est
2460 1483 2465 1490 ‘

1325 1555 1492 1597 ratum
1543 1554 1677 1613 quod
1730 1554 1846 1600 iniit
1891 1567 2006 1601 cum
2054 1555 2194 1611 Osia,
2237 1568 2394 1616 quam

1327 1621 1508 1683 Sejam,
1536 1627 1626 1669 aut
1649 1623 1859 1670 liberam
1883 1624 2116 1679 credidit,
2142 1624 2394 1673 ducturus
2532 1630 2548 1712 ὲ

1326 1694 1660 1740 nihilominus
1682 1694 2028 1750 libentissime,
2046 1695 2090 1742 si
2106 1696 2260 1742 sciret
2275 1707 2392 1743 esso
2539 1734 2548 1746 2

1324 1765 1498 1825 Cajam
1535 1764 1609 1810 vel
1633 1764 1887 1811 ancillam.
1919 1765 2021 1812 Nec
2043 1766 2179 1812 valet
2208 1765 2388 1813 matri·
2421 1773 2429 1780 ·
2521 1762 2548 1827 ,ἐ

1325 1836 1568 1891 monium,
1600 1838 1683 1881 cui
1724 1836 1958 1883 sacerdos
2004 1837 2236 1884 interfuit
2278 1837 2391 1884 sine
2523 1834 2548 1878 ῒ

1325 1907 1531 1966 parochi
1581 1907 1809 1962 licentia3
1858 1910 2035 1954 contra
2082 1908 2218 1955 valet
2267 1906 2390 1954 ordo

1324 1977 1541 2023 collatus
1566 1978 1940 2036 indignissimo,
1962 1978 2098 2032 licet,
2116 1979 2159 2024 si
2183 1978 2391 2035 scirent,

1325 2048 1576 2107 parochus
1610 2048 1869 2094 licentiam
1915 2049 2198 2095 certissime
2234 2048 2388 2096 datu-

1324 2132 1412 2164 rus
1435 2119 1632 2172 fuisset,
1658 2117 1822 2178 Episc.
1843 2120 2124 2165 certissime
2143 2132 2239 2165 non
2265 2119 2394 2169 suisa·

1323 2193 1402 2235 set
1435 2190 1660 2236 ordinem
1688 2190 1981 2235 collaturus.
2010 2190 2061 2233 2⁰
2084 2189 2190 2235 Non
2214 2191 2393 2250 peccat

1323 2262 1367 2306 is
1413 2262 1500 2320 qui
1551 2259 1744 2306 accedit
1791 2259 1853 2305 ad
1900 2274 1998 2306 non
2038 2273 2201 2315 suam,
2244 2267 2392 2308 suam

1322 2335 1527 2390 putans,
1567 2344 1867 2376 accessurus
1909 2345 2110 2392 quoque
2153 2332 2196 2377 si
2238 2332 2395 2379 sciret
2484 2324 2524 2394 .

1323 2416 1434 2448 esse
1459 2403 1674 2448 alienam
1712 2403 1791 2449 (D.
1818 2403 1937 2449 Tho.
1966 2406 2035 2450 De
2059 2404 2289 2458 Malam,
2315 2405 2390 2462 8);

1322 2478 1373 2519 et
1404 2478 1578 2519 contra
1616 2489 1644 2518 a
1676 2474 2004 2520 fornicatione
2037 2487 2134 2520 non
2169 2487 2387 2521 excusa-

1322 2549 1405 2590 tur
1428 2546 1514 2604 qui
1542 2548 1836 2591 commiscet
1858 2545 2008 2601 filiae,
2034 2545 2267 2591 ancillam
2296 2556 2390 2606 pu-

1322 2619 1460 2667 tans;
1510 2617 1605 2661 etsi
1656 2616 1811 2661 filiam
1857 2629 2155 2675 cognoscere
2200 2615 2386 2663 exhor-

1317 2687 1517 2732 ruisset.
1545 2686 1755 2731 Proinde
1788 2686 1847 2740 ei‚
1882 2686 1966 2746 qui
1992 2686 2186 2732 detinet
2217 2685 2259 2733 b.
2288 2686 2389 2734 fide
2417 2677 2436 2687 ”
2525 2681 2532 2692 ’

1317 2770 1418 2802 rem
1443 2756 1675 2810 alienam,
1711 2770 1808 2802 non
1845 2761 1922 2802 est
1956 2757 2208 2803 absolutio
2241 2757 2391 2804 dene-

1315 2827 1500 2886 ganda,
1549 2828 1592 2872 si
1643 2826 1754 2872 ideo
1805 2827 2146 2874 confessarius
2196 2829 2240 2875 ei
2288 2839 2388 2875 nou

1316 2897 1624 2950 manifestat,
1667 2911 1774 2942 eam
1821 2912 1849 2943 a
1887 2911 1941 2944 se
1984 2899 2176 2958 injuste
2216 2897 2387 2958 possi·

1315 2967 1439 3017 deri,
1476 2969 1596 3027 quia
1628 2968 1918 3013 certissime
1952 2981 2051 3013 non
2082 2969 2390 3015 restitueret.
2511 3011 2536 3028 i,

1316 3039 1363 3082 3⁰
1387 3039 1485 3084 Nec
1514 3052 1699 3097 poenas
1718 3038 1839 3082 furti
1870 3038 2087 3084 incurrit
2111 3039 2199 3097 qui
2225 3038 2390 3084 aufert
2523 3031 2548 3078 ’ἓ

1315 3123 1417 3154 rem
1454 3110 1670 3155 alienam
1708 3121 1854 3154 suam
1890 3114 2094 3168 putans,
2121 3108 2386 3154 ablaturus

1315 3180 1410 3226 etsi
1445 3181 1598 3226 sciret
1623 3181 1865 3225 alienam:
1889 3184 1939 3224 et
1961 3183 2135 3225 contra
2158 3193 2256 3224 non
2282 3179 2389 3224 exi·

1316 3252 1472 3295 mitur
1504 3251 2015 3295 excommunicationi
2046 3250 2134 3310 qui
2161 3249 2385 3309 percutit

1313 3321 1547 3367 clericum
1576 3321 1670 3366 sibi
1696 3323 1942 3379 ignotum,
1977 3334 2076 3366 non
2108 3333 2383 3380 percussu·
2532 3315 2548 3391 1

1312 3406 1398 3437 rus
1422 3394 1464 3437 si
1490 3393 1687 3441 scisset,
1713 3392 2055 3437 necessarium
2081 3404 2230 3436 suum
2255 3402 2383 3436 esso.
2531 3419 2548 3454 4

1312 3464 1487 3522 ltaque
1529 3462 1808 3508 cavendum
1859 3466 1936 3507 est
1985 3462 2046 3508 ab
2088 3475 2144 3506 ea
2194 3459 2384 3520 regula,
2475 3495 2479 3497 .
2518 3471 2548 3574 ἐξ

2526 3639 2548 3680 A

1312 3547 1463 3593 quam
1498 3533 1728 3578 nonnulli
1765 3534 1975 3577 tuentur
2011 3555 2032 3566 -
2070 3529 2196 3576 nihil
2236 3541 2384 3588 agere

1313 3618 1425 3649 eum
1450 3606 1536 3663 qui
1558 3618 1658 3648 rem
1680 3605 1875 3649 irritam
1902 3601 1978 3648 vel
2005 3601 2235 3646 illicitam
2261 3599 2385 3646 facit

1310 3677 1569 3735 ignorans,
1588 3676 1710 3735 quia
1733 3688 1831 3720 non
1855 3672 2199 3734 praesumitur
2219 3671 2384 3718 facere
