2548 4042
176 14 274 71 128

166 384 335 452 gravi
361 387 422 438 et
446 384 687 453 injusto;
713 399 823 438 nec
849 384 1326 448 involuntarium,
1346 385 1449 439 sed
1472 388 1832 440 voluntarium
1846 388 2131 441 seeundum
2144 389 2270 457 quid
2281 386 2414 461 (18).

246 474 369 527 139.
390 474 465 526 At
490 488 629 527 vero
653 474 903 528 liberum
919 474 1226 529 arbitrium
1250 491 1362 529 non
1387 479 1476 530 est
1497 475 1615 530 alia
1633 491 1669 530 a
1690 476 1991 532 voluntate
2017 478 2414 548 potentia,sed

168 565 483 632 utrumque
504 579 622 617 una
642 565 902 632 potentia
920 570 1009 618 est
1029 562 1159 637 (19).
1182 565 1366 634 Eique
1391 565 1640 619 subsunt
1662 565 2207 635 appetitus(Genes.
2224 566 2320 628 IV,
2338 564 2414 639 7);

165 656 227 708 et
253 651 376 722 (sed
409 668 518 707 non
559 667 661 722 per
689 652 903 724 omnia)
940 654 1306 708 intellectus:
1339 653 1568 708 scilicet
1600 653 1941 709 intellectus
1970 659 2060 710 est
2087 657 2417 726 apprehen·
2464 716 2471 718 ,

165 742 326 806 dere,
358 747 418 797 et
450 743 745 812 judicare:
782 743 1026 812 primum
1059 743 1347 797 voluntati
1383 743 1721 798 nullatenus
1749 744 1971 808 subest,
1999 745 2254 799 alterum
2298 759 2415 801 non

164 834 369 887 subest
393 834 449 887 in
477 833 581 894 his,
606 848 758 902 quae
783 833 835 886 ei
861 837 1149 901 apparent
1180 833 1507 893 manifesta,
1535 833 1589 885 in
1622 833 1842 887 ceteris
1870 836 2073 888 subest
2099 833 2232 905 (20).
2254 835 2416 891 Haec

164 922 352 991 igitur
380 927 520 977 sunt
549 923 836 992 principia
869 923 1251 976 humanorum
1292 925 1550 984 actuum,
1580 922 1894 991 appetitus,
1929 922 2289 986 intellectus,
2320 938 2418 979 vo-

163 1012 392 1068 luntas:
424 1014 526 1068 sed
572 1014 626 1066 in
665 1013 861 1080 primis
892 1013 1182 1071 voluntas,
1217 1028 1253 1066 a
1283 1028 1399 1081 qua
1426 1012 1615 1066 omnis
1643 1016 1812 1067 actus
1855 1011 2148 1068 humanus
2177 1013 2414 1070 initium

162 1103 322 1172 capit
351 1105 648 1172 tamquam
676 1119 710 1155 a
744 1102 925 1170 primo
956 1107 1225 1155 movente
1259 1100 1390 1173 (21).
1425 1099 1529 1155 Cui
1573 1106 1882 1171 praeterea
1910 1104 2319 1172 obtemperant
2350 1103 2412 1159 in

159 1193 493 1250 actionibus
535 1192 796 1246 exterius
847 1191 1229 1261 exequendis
1273 1191 1528 1260 corporis
1579 1193 1868 1255 membra;
1912 1193 2126 1262 quibus
2166 1192 2413 1262 proinde

159 1283 439 1337 voluntas
484 1282 685 1342 utitur,
730 1296 839 1334 non
884 1281 1049 1350 quasi
1097 1280 1413 1349 principiis,
1458 1282 1558 1335 sed
1601 1281 1766 1351 quasi
1811 1265 2234 1338 instrumentis.
2271 1327 2275 1331 .

241 1373 362 1426 140.
395 1373 711 1439 Hucusque
753 1371 824 1423 de
869 1370 1172 1438 principiis
1210 1373 1452 1424 actuum
1495 1371 1876 1425 humanorum
1922 1372 2216 1440 proximiS,
2255 1387 2410 1443 quae

161 1463 441 1518 dicuntur
471 1460 754 1531 potentiae:
784 1476 901 1528 age
946 1475 1102 1514 nunc
1134 1463 1389 1530 potentiae
1430 1477 1480 1512 se
1520 1462 1704 1514 habent
1740 1463 1813 1514 ad
1848 1466 2054 1530 multa‚·
2083 1464 2166 1518 uti
2207 1466 2411 1520 autem

161 1554 386 1624 possint
415 1551 810 1606 determinare
844 1565 906 1604 se
935 1550 1009 1603 ad
1056 1565 1251 1612 unum,
1282 1554 1342 1604 et
1373 1549 1430 1602 in
1465 1556 1615 1603 actus
1646 1550 1892 1619 prodire,
1925 1552 2294 1608 necessariae
2322 1553 2412 1610 eis
2456 1616 2458 1618 ,

161 1647 303 1698 sunt
349 1641 637 1712 speciales
693 1640 1124 1709 propensiones,
1180 1653 1324 1709 quas
1379 1642 1595 1692 vocant
1645 1639 1851 1692 habitus
1893 1639 2019 1712 (22).
2060 1638 2168 1696 Est
2221 1640 2412 1713 igitur

165 1865 319 1912 Salm.
344 1865 387 1916 9,
408 1864 453 1917 9,
476 1864 568 1908 34i.
603 1862 651 1908 S.
674 1862 824 1922 Alph.
849 1861 932 1914 VI,
963 1861 1111 1917 1056).
1145 1859 1237 1904 De-

161 1936 340 1981 finitur
366 1960 388 1970 -
412 1934 573 1980 futuri
600 1934 718 1979 mali
743 1931 1072 1986 existimatio,
1101 1930 1236 1990 quod

1340 1858 1435 1903 rito
1469 1858 1861 1905 existimabitur.
1895 1859 2100 1917 (Sanch.
2131 1860 2216 1908 cit.
2250 1875 2298 1909 n.
2337 1863 2410 1910 14.

1341 1929 1479 1974 Pont.
1497 1941 1543 1973 n.
1562 1928 1603 1972 6.
1623 1929 1827 1975 Navarr.
1855 1930 2009 1976 Salm.
2028 1932 2070 1983 9„
2099 1931 2141 1986 9,
2161 1932 2235 1980 34.
2261 1932 2407 1980 Reiff.

467 33 592 72 rins
626 32 828 72 rain-
850 12 1268 72 actaeonem-
1287 32 1462 73 rator.
1480 28 1543 72 n.
1559 34 1625 75 nn
1639 0 1866 75 sumus
1901 24 2131 88 tunm
2140 0 2234 91 Ῐῖἐ
2298 0 2486 82 .-

171 116 464 172 bertatem
491 116 704 180 aufert,
745 117 897 186 quod
940 116 1176 187 planum
1218 119 1324 181 est,
1369 132 1562 189 neque
1602 117 1914 182 internam,
1954 117 2095 190 quia
2133 80 2542 202 quisquis&

167 206 394 274 aliquid
425 206 582 271 facit,
611 206 655 260 si
691 206 847 269 facit,
878 205 1184 262 voluntate
1227 207 1367 262 facit
1397 206 1536 278 (17);
1578 208 1706 263 sed
1722 223 1852 263 eam
1891 208 2270 279 aliquatenus
2309 210 2427 267 de·
2455 202 2511 294 j}

170 294 391 356 bilitat;
436 294 685 364 ideoque
729 310 836 349 nec
878 295 1273 350 voluntarium
1315 301 1406 351 est
1445 296 1596 366 quod
1639 296 1884 352 facimus
1923 299 2207 368 compulsi
2252 300 2416 356 metu

2518 344 2548 353 e·
2531 317 2548 327 .’
2515 164 2548 298 ἷζέζνῖ.

163 2006 227 2053 ab
249 2006 331 2052 his
355 2005 718 2057 metuimus,in
744 2016 956 2064 quorum
983 2005 1237 2061 potestate

161 2090 344 2123 sumus
383 2076 544 2132 (Pont.
567 2090 613 2120 n.
641 2077 674 2119 l.
701 2075 909 2129 Salmat,
934 2073 964 2118 l.
988 2076 1064 2127 c.).
1087 2072 1152 2117 Et
1175 2071 1237 2118 ab

161 2148 365 2207 ingenio
411 2150 462 2191 et
501 2145 724 2192 moribus
763 2147 871 2205 ejus
913 2144 1088 2189 metiri
1118 2157 1235 2189 cum

159 2218 339 2279 primis
383 2218 531 2263 debet
573 2217 735 2273 (Less.
777 2217 826 2270 II,
867 2218 934 2270 17,
972 2216 1055 2270 35;
1094 2215 1236 2260 Pont.

155 2303 206 2336 n.
228 2292 288 2343 4).
314 2289 413 2335 Nec
438 2290 546 2348 ejus
572 2292 650 2333 est
683 2288 798 2347 quis
822 2287 940 2332 fecit
965 2290 1021 2331 ut
1045 2298 1233 2332 morem

158 2362 268 2420 ejus
285 2364 495 2420 gereret,
522 2360 564 2405 si
591 2373 689 2404 non
713 2358 832 2404 fecit
855 2359 1051 2403 invitus
1070 2357 1233 2416 (Lugo

156 2445 207 2478 n.
251 2433 365 2488 150).
413 2431 561 2477 Hunc
605 2429 837 2475 nonnulli
884 2442 996 2475 esse
1047 2431 1232 2488 putant

157 2504 282 2562 ejus,
327 2502 415 2562 qui
458 2501 619 2547 solam
658 2500 863 2554 domini,
908 2502 1089 2559 patris,
1139 2501 1231 2543 etc.

155 2573 400 2619 offensam
443 2577 674 2626 veretur,
728 2571 828 2624 alii,
872 2576 1061 2625 contra,
1107 2572 1230 2631 ejus,

157 2645 244 2704 qui
279 2642 340 2689 ab
374 2657 430 2690 eo
464 2644 646 2688 metuit
673 2642 867 2702 aliquid
893 2656 1072 2702 grave3
1108 2656 1155 2687 v.
1190 2655 1229 2687 c.

156 2714 644 2766 exhaeredationem,
709 2714 1075 2773 expulsionem,
1132 2715 1226 2759 etc.

155 2785 406 2832 Neutrum
461 2785 627 2844 plane;
686 2798 786 2830 non
835 2786 1056 2843 primum
1108 2786 1231 2844 quia

156 2861 329 2903 metus
372 2856 481 2901 sine
526 2855 752 2915 periculo
795 2854 1013 2915 alicujus
1057 2854 1230 2900 damni

157 2941 258 2973 non
292 2926 626 2986 intelligitur3
659 2926 732 2978 (L.
756 2927 798 2979 6,
825 2925 879 2973 C.
903 2929 975 2973 De
994 2928 1075 2971 his
1097 2938 1233 2983 quae

155 3001 238 3050 vi‚·
274 2998 414 3043 Pont.
449 3011 496 3042 n.
523 2998 592 3051 3):
617 3011 718 3043 non
742 2996 973 3050 alterum,
1000 2997 1121 3056 quia
1144 2995 1229 3041 ubi

157 3071 263 3113 tam
298 3082 448 3127 grave
495 3067 739 3114 damnum
774 3067 1039 3127 impendit,
1079 3068 1232 3112 timor

156 3140 331 3198 gravis
365 3140 670 3195 simpliciter
703 3138 948 3184 dicendus
993 3140 1085 3184 est.
1120 3137 1224 3183 Ita·

155 3221 254 3268 que
287 3209 436 3253 timor
476 3209 823 3255 reverentialis
868 3207 1067 3261 dicitur,
1110 3221 1229 3254 cum

159 3279 347 3339 aliquis
382 3281 556 3337 patris,
604 3279 809 3332 domini,
846 3281 939 3325 etc.
982 3278 1224 3339 indigna-

154 3351 347 3397 tionem
366 3351 515 3409 (quae
539 3350 760 3407 profecto
787 3349 976 3396 malum
1002 3352 1101 3404 est)
1126 3363 1223 3395 me·

155 3421 275 3475 tuit,
306 3419 429 3465 licet
461 3418 628 3464 absint
651 3420 803 3479 (quod
835 3423 1005 3467 tamen
1037 3420 1228 3467 limitat

158 3490 342 3539 Sanch.
366 3490 431 3537 M.
454 3489 539 3543 IV,
563 3489 646 3542 VI,
668 3492 709 3543 7,
742 3492 805 3546 ll,
832 3491 898 3543 12,
928 3491 992 3543 13,
1021 3492 1093 3547 14)
1123 3503 1228 3535 ver-

158 3560 291 3616 bera,
337 3564 427 3606 aut
470 3560 651 3606 minae.
689 3561 827 3616 Quae
875 3562 919 3606 si
961 3562 1134 3620 gravis
1177 3564 1228 3607 et

158 3633 403 3678 diuturna
447 3630 623 3676 futura
673 3631 758 3685 sit,
811 3631 1003 3677 malum
1056 3645 1227 3691 grave,

155 3702 367 3762 ideoque
401 3704 452 3748 et
485 3704 653 3748 metus
686 3702 872 3760 graviS,
913 3715 1012 3748 non
1052 3704 1226 3748 imme-

1338 1998 1425 2051 ΙΙΙ,
1442 2000 1513 2051 31,
1546 2000 1662 2053 115).
1688 2000 1752 2045 Et
1784 2004 1842 2045 ut
1863 2001 2167 2060 generaliter
2188 2002 2407 2051 dixerim

1335 2069 1470 2129 quod
1490 2071 1604 2130 quis
1623 2084 1795 2116 revera
1813 2071 1932 2118 fecit
1955 2076 2163 2122 coactus
2181 2079 2411 2132 paterno

1337 2143 1558 2197 imperio
1593 2141 1690 2194 (Ex
1725 2141 1777 2189 C.
1817 2143 2004 2189 Puella
2035 2145 2077 2197 8,
2123 2157 2166 2205 q.
2202 2143 2275 2204 5);
2317 2148 2408 2192 aut

1335 2213 1506 2257 nimia
1540 2216 1831 2259 reverentia
1854 2213 1926 2268 (L.
1957 2215 1992 2268 1,
2016 2215 2105 2269 56,
2134 2216 2292 2266 Quar.
2325 2228 2408 2265 re·

1335 2295 1482 2337 rum3
1503 2282 1559 2328 V.
1583 2282 1768 2329 Sanch.
1794 2297 1840 2328 n.
1871 2285 1958 2336 16),
1977 2285 2157 2332 timore
2178 2299 2411 2334 reveren·

1335 2352 1448 2398 tiali
1483 2354 1662 2399 fecisse
1697 2353 1946 2400 dicendus
1980 2358 2073 2402 est.

1401 2425 1452 2469 17
1474 2424 1521 2471 S.
1540 2428 1759 2483 August.
1773 2426 1849 2472 De
1870 2428 2004 2483 sz'r.
2022 2431 2065 2475 et
2081 2428 2178 2475 Lit.
2192 2427 2314 2490 Cap.
2333 2428 2410 2476 21.

1399 2496 1453 2540 18
1478 2496 1537 2541 D.
1561 2497 1679 2543 Tho.
1711 2499 1749 2551 l,
1773 2498 1814 2551 2,
1838 2498 1882 2549 6,
1903 2500 1946 2544 6.
1970 2498 2026 2543 L.
2049 2498 2123 2555 21,
2147 2499 2176 2558 ς
2207 2500 2236 2545 3
2261 2501 2410 2550 Quae

1334 2573 1450 2614 met.
1478 2580 1592 2613 cau.
1617 2567 1671 2613 L.
1700 2567 1760 2611 22
1784 2570 1859 2615 De
1881 2570 1979 2614 Rit.
2003 2570 2166 2626 Nupt.
2189 2570 2406 2617 Proinde

1332 2638 1378 2683 is
1404 2651 1449 2683 v.
1473 2650 1514 2683 c.
1538 2641 1628 2695 qui
1649 2640 1935 2685 terroribus
1958 2644 2115 2698 atque
2137 2642 2408 2698 suppliciis

1334 2711 1627 2754 attrahitur
1658 2707 1720 2754 ad
1755 2708 2098 2768 recipiendum
2131 2708 2406 2770 baptisma,

1331 2780 1378 2824 si
1413 2778 1475 2824 ad
1509 2779 1635 2824 haec
1670 2779 1878 2825 vitanda
1922 2783 2034 2826 vult
2070 2780 2198 2827 illud
2230 2782 2403 2828 ausci-

1331 2862 1466 2909 pere,
1503 2853 1551 2896 et
1581 2851 1796 2906 suscipit
1833 2852 2203 2906 characterem,
2236 2856 2288 2900 et
2315 2864 2403 2900 co-

1328 2923 1528 2978 yendus
1548 2924 1709 2968 estad
1726 2923 2114 2968 observantiam
2131 2923 2259 2982 fidei
2270 2924 2406 2971 chri-

1331 2994 1542 3038 stianae
1574 2991 1646 3042 (C.
1681 2993 1723 3046 3,
1756 2995 1787 3044 ἓ
1819 2994 1964 3040 Item.
1999 2994 2075 3041 De
2106 2994 2343 3059 Raptim).

1394 3063 1448 3108 19
1481 3062 1540 3108 D.
1576 3062 1697 3109 Tho.
1730 3062 1766 3117 Ι,
1789 3062 1864 3117 83,
1886 3064 1928 3108 4.
1959 3065 2057 3111 Seu
2080 3067 2266 3121 potius
2284 3065 2403 3121 ipsa

1330 3135 1575 3179 voluntas
1607 3138 1702 3189 est,
1724 3138 1980 3191 quatenus
2005 3136 2061 3180 in
2087 3137 2282 3192 ayendo
2310 3137 2405 3182 ha·

1330 3207 1411 3252 bet
1432 3206 1661 3251 aelectm
1680 3204 1995 3261 facultatem
2013 3204 2133 3263 (Leo
2156 3203 2296 3262 xm,
2314 3205 2402 3252 cit.

1328 3275 1530 3334 Encycl.
1557 3277 1814 3331 Liberem,
1846 3289 1891 3321 v.
1921 3277 2160 3324 Libertas
2189 3278 2402 3334 itaque).

1388 3347 1447 3391 20
1463 3345 1668 3392 V.Rom.
1681 3347 1723 3401 7,
1742 3347 1807 3391 19.
1820 3345 1878 3392 D.
1895 3346 2112 3402 Tho.1,2‚
2131 3346 2200 3401 17,
2211 3359 2288 3393 aa.
2299 3346 2345 3400 6,
2356 3347 2403 3394 7.

1387 3417 1442 3462 21
1480 3416 1540 3463 D.
1574 3416 1695 3463 Tho.
1736 3418 1773 3471 1,
1806 3417 1852 3474 2,
1881 3417 1924 3471 9,
1963 3417 2000 3462 l.
2033 3415 2400 3476 Memoriam-

1329 3488 1493 3534 tentia
1525 3488 1731 3547 quidem
1773 3490 1866 3541 est,
1902 3487 1991 3533 sed
2034 3499 2136 3533 non
2178 3487 2404 3546 pertinet

1327 3559 1391 3606 ad
1406 3559 1656 3619 principia
1674 3561 1881 3605 actuum
1902 3558 2257 3612 humanorum,
2275 3558 2402 3618 quia

1325 3629 1457 3675 nihil
1488 3629 1627 3685 facit,
1658 3629 1749 3676 sed
1781 3630 1915 3676 facta
1948 3630 2134 3684 servat,
2164 3628 2366 3689 repetit.

1383 3703 1444 3761 22
1477 3703 1534 3749 D.
1558 3702 1679 3750 Tho.
1707 3703 1746 3758 1,
1770 3703 1811 3759 2,
1835 3703 1910 3760 49,
1932 3702 1975 3759 4,
1998 3704 2050 3748 et
2075 3700 2139 3748 ad
2161 3701 2206 3747 3.
