2548 4042
133 0 204 53 60
310 0 316 4 ’
558 15 684 55 uns
718 14 871 54 mun
893 25 918 39 -
940 12 1309 55 »sonmo-niu
1330 24 1354 39 ·
1373 0 1604 58 mem.
1627 9 1693 55 01
1714 0 1991 54 'rasoriis'
2019 0 2109 28 ”·’·”

127 278 279 349 juris
307 277 738 332 solemnitatem
766 277 1108 332 desiderant
1134 274 1265 347 (19).
1289 276 1396 331 Sed
1417 277 1553 346 Jure
1582 276 1862 331 canonico
1893 276 2250 347 permittitur
2275 277 2372 334 his

134 366 402 435 defungi,
432 366 839 421 consentiente
867 381 938 422 eo
971 367 1071 437 qui
1116 366 1174 421 in
1217 382 1285 422 eo
1314 366 1608 422 territorio
1639 355 1992 436 potestatem
2021 368 2198 423 habet
2228 366 2367 442 (20):

137 454 309 508 immo
348 455 681 524 Episcopus
723 456 821 526 qui
863 471 899 510 a
939 471 1047 511 sua
1092 456 1343 511 dioecesi
1389 457 1445 510 vi
1489 456 1765 510 detrusus
1807 455 1931 520 suit,
1973 471 2187 525 gerere
2231 472 2369 527 per-

134 544 386 598 mittitur
425 544 707 615 quidquid
747 547 820 599 ad
863 546 1126 614 regimen
1178 562 1319 601 suae
1362 545 1644 600 dioecesis
1689 546 1962 615 pertinet,
2006 546 2208 615 petita,
2250 546 2365 602 etsi

133 647 248 687 non
289 635 548 695 obtenta,
590 635 831 689 licentia
871 635 1160 690 Ordinarii
1203 636 1330 691 eius
1372 635 1480 690 loci
1517 634 1647 706 (21).
1677 635 1779 690 His
1823 635 2157 705 praemissis
2195 637 2369 691 tran-

136 736 367 776 seamus
407 723 480 777 ad
515 724 1008 793 jurisdictionem.

873 921 1021 974 ART.
1063 920 1104 974 1.
1147 922 1223 973 De
1253 921 1631 987 jurisdictione.

210 1084 296 1136 71.
328 1084 446 1137 Hoc
483 1084 827 1139 vocabulum
858 1084 913 1138 vi
946 1101 1052 1139 sua
1069 1086 1218 1152 juris
1245 1086 1460 1148 dicendi,
1492 1084 1642 1140 idest
1660 1085 1985 1155 judicandi,
2018 1085 2367 1154 potestatem

134 1171 447 1241 significat.
478 1174 586 1228 Sed
619 1174 757 1242 jure
798 1174 1097 1235 canonico,
1129 1177 1192 1229 et
1234 1175 1405 1229 hodie
1447 1175 1629 1229 etiam
1670 1176 1847 1238 civili,
1879 1175 2164 1230 latissime
2204 1189 2375 1231 acce·

134 1264 296 1332 ptum
325 1264 445 1317 est:
478 1263 605 1317 ideo
623 1263 956 1332 jurisdictio
990 1266 1377 1319 communiter
1416 1265 1711 1327 definitur,
1741 1267 1976 1319 Potestas
1994 1268 2205 1335 publica
2231 1267 2373 1320 circa

131 1354 358 1404 aliorum
388 1355 611 1421 reqimen
637 1360 685 1406 ec
703 1356 1122 1421 yubernationem
1149 1352 1240 1425 (1).
1269 1353 1554 1409 Cohaeret
1595 1354 1785 1408 officio
1828 1354 2161 1425 superioris,
2191 1356 2254 1409 et
2277 1354 2375 1425 Ju-

134 1440 302 1502 dicis;
335 1457 578 1511 quorum
620 1447 790 1496 actus
807 1444 1462 1513 propriejurisdictionis
1502 1447 1657 1508 sunt,
1689 1444 1841 1514 quod
1872 1444 2027 1500 belle
2055 1444 2220 1499 Suar.
2247 1443 2373 1500 ani-

135 1529 470 1594 madvertit,
512 1534 574 1586 et
615 1531 674 1585 in
716 1531 955 1600 ligando
996 1535 1056 1587 et
1096 1532 1393 1596 solvendO,
1438 1535 1500 1587 et
1542 1535 1864 1588 coercendo
1906 1533 2094 1604 posita
2137 1536 2235 1589 est
2275 1530 2376 1617 (ᾳ).

135 1619 523 1675 Nihilominus
573 1622 692 1676 lata
743 1622 1177 1691 significatione
1218 1622 1557 1692 ,iurisdictio
1599 1623 1818 1678 dicitur
1860 1625 1921 1678 et
1963 1637 2052 1687 ea,
2105 1638 2258 1693 quae
2298 1621 2376 1678 ad
2434 1639 2436 1641 ’

131 1714 300 1766 actus
342 1715 401 1766 et
443 1711 638 1766 valide
681 1715 741 1767 et
783 1713 963 1777 licite,
995 1715 1055 1767 et
1085 1728 1156 1768 ea
1192 1727 1343 1783 quae
1384 1711 1570 1767 solum
1612 1713 1684 1767 ad
1727 1727 1826 1768 eos
1868 1713 2028 1768 licite
2071 1712 2373 1777 ineundos,

136 1802 470 1858 necessaria
500 1805 589 1856 est
619 1801 710 1874 (3).
742 1803 917 1857 Nobis
960 1803 1092 1857 heic
1134 1803 1204 1858 de
1247 1803 1422 1872 priori
1464 1805 1694 1857 tantum
1724 1832 1796 1843 —
1824 1803 1986 1866 Quae
2016 1802 2247 1858 definiri
2277 1817 2374 1873 po-

134 1895 252 1947 test
280 1921 353 1934 —
370 1899 594 1962 potestas
609 1894 737 1959 jure
759 1895 957 1960 publici
979 1896 1215 1945 muneris
1255 1899 1551 1961 compotem,
1578 1894 1650 1944 ad
1679 1894 2082 1962 gubernandum
2121 1908 2374 1958 concessa,

136 1984 246 2035 sine
272 2000 371 2052 qua
400 1984 647 2035 nonnulli
681 1989 831 2036 actu-s·
872 1985 1037 2035 valide
1077 1986 1305 2036 emo-ceri
1342 1986 1614 2050 nequirent
1643 1981 1734 2053 (4).
1765 1985 2024 2049 Potestas;
2053 1982 2209 2052 quod
2246 1982 2374 2037 loco

135 99 332 163 habet,
361 99 407 155 si
452 114 521 154 eo
561 98 900 163 excesserit,
938 98 1203 168 privatus
1243 98 1412 153 homo
1451 99 1544 154 est
1586 94 1728 171 (18):
1766 98 1875 153 hoc
1914 111 1985 153 00
2021 72 2372 169 spectastis
2400 89 2460 171 χή

136 189 197 244 in
238 189 433 243 alieno
473 188 785 251 territorio,
827 202 928 243 eos
967 188 1138 243 actus
1183 187 1363 252 obire,
1407 186 1687 257 expedire
1729 187 1928 258 possit,
1969 186 2071 259 qui
2111 187 2372 259 aliquam

2459 114 2486 134 &v

2468 134 2489 154 J

138 2192 438 2252 simpliciter
482 2193 702 2241 nullius,
751 2191 804 2236 hi
852 2204 972 2239 vere
1009 2192 1206 2238 nullius

139 2263 426 2321 (dioecesis)
472 2263 572 2309 dici
620 2264 807 2309 solent:
855 2266 938 2307 illi
982 2263 1204 2322 exempti

137 2338 260 2379 sunt
284 2349 311 2379 a
329 2334 680 2395 J'urisdictione
703 2335 939 2394 Episcopi
959 2347 1060 2393 qua
1083 2336 1207 2379 sunt

138 2405 410 2464 regulares,
435 2408 527 2451 isti
547 2419 609 2450 ex
635 2406 914 2464 privilegio,
937 2409 990 2452 hi
1014 2406 1133 2464 quia
1156 2408 1206 2450 et

137 2476 238 2536 ipsi
276 2489 389 2521 vere
433 2479 556 2521 sunt
601 2476 853 2523 Ordinarii
899 2477 990 2525 «Cf.
1023 2477 1207 2524 Bened.

139 2546 269 2592 XIV.
295 2550 368 2594 De
394 2549 542 2604 Syno.
565 2547 625 2600 II,
657 2549 723 2601 11,
747 2549 788 2602 ⁵2,
819 2549 943 2606 etc.).

204 2619 258 2663 18
276 2618 332 2664 L.
351 2619 394 2665 3.
418 2621 493 2664 De
515 2621 643 2675 Offic.
663 2620 900 2665 Praesid.
921 2619 1057 2664 Idem
1074 2619 1205 2678 juris

140 2691 219 2735 est
251 2690 295 2734 si
322 2690 571 2735 consistat
605 2692 655 2734 in
688 2690 794 2735 loco
829 2693 1061 2749 exempto
1102 2690 1154 2737 C.
1184 2690 1197 2733 l

140 2760 213 2807 De
238 2761 420 2806 Privil.
445 2761 496 2805 in
531 2760 596 2805 6⁰.
814 2816 816 2818 Υ
992 2808 995 2810 ,

205 2831 258 2875 19
299 2836 374 2876 Ex
414 2831 635 2877 Trident.
675 2831 752 2876 VI.
787 2832 841 2877 R.
875 2833 915 2876 5.
948 2831 1101 2877 Salm.
1142 2831 1205 2885 lO,

146 2903 182 2958 l,
212 2903 311 2948 105.
333 2904 401 2949 Ut
442 2917 552 2950 ecce
593 2903 678 2963 jus
718 2903 883 2948 dicere
909 2928 930 2938 -
960 2902 1207 2957 ordinare,

143 2975 452 3029 confirmare,
471 2975 782 3034 pontificalia
800 2988 1043 3029 exercere,
1067 2977 1159 3019 etc.
1182 2998 1203 3008 -

143 3044 299 3091 Secus
343 3047 387 3090 si
421 3046 612 3092 nullam
658 3046 1033 3092 solemnitatem
1075 3044 1206 3090 desi·

145 3115 342 3161 derant:
379 3120 562 3176 utputa
584 3117 803 3163 conferre
837 3117 1090 3172 beneficia,
1114 3116 1201 3163 ab·

139 3186 333 3232 solvere
357 3201 385 3231 a
409 3189 651 3233 censuris.
678 3189 742 3232 Et
766 3188 1016 3247 parochus
1040 3190 1208 3247 potest

141 3260 285 3302 extra
333 3270 480 3302 suam
524 3259 811 3316 parochiam
868 3259 1206 3305 matrimoniis

142 3340 348 3373 suorum
378 3328 620 3372 interesse
647 3330 791 3388 quasi
825 3332 987 3381 testis,
1017 3330 1209 3375 confes·

143 3399 313 3443 siones
357 3412 528 3444 eorum
574 3402 817 3459 excipere,
858 3403 950 3446 etc.
987 3401 1042 3445 V.
1076 3401 1128 3445 L.
1164 3401 1207 3446 2.

140 3470 214 3515 De
242 3471 373 3527 Offic.
399 3470 671 3526 Praemia).

200 3539 258 3582 20
282 3540 335 3586 C.
359 3541 399 3585 3.
428 3541 548 3588 Cau.
576 3541 621 3593 9,
642 3554 686 3599 q.
712 3541 739 3584 2
766 3567 786 3576 ·
814 3542 922 3586 Non
951 3545 1138 3596 tamen,
1163 3542 1207 3587 si

142 3609 265 3667 quid
305 3611 436 3656 inter
477 3611 673 3670 aliquos
718 3611 1088 3657 decernendum
1123 3613 1206 3664 sit,

141 3680 370 3738 partibus
408 3682 585 3727 invitis
631 3681 743 3740 (LL.
783 3684 818 3736 l,
854 3683 895 3726 2.
933 3686 1002 3729 De
1042 3685 1207 3728 Iudic.

1308 2190 1462 2237 Salm.
1508 2191 1575 2243 10,
1620 2192 1656 2243 l,
1706 2189 1812 2245 1053
1870 2190 1919 2237 S.
1954 2190 2105 2251 Alph.
2145 2189 2253 2247 VII,
2299 2189 2375 2238 21.

1368 2262 1419 2307 21
1449 2261 1604 2310 Clem.
1634 2261 1727 2308 Un.
1753 2265 1823 2307 De
1851 2262 1970 2320 foro
2007 2266 2214 2324 compet„

1372 2334 1388 2376 l
1428 2333 1615 2378 Pirhin.
1662 2333 1701 2387 Ι,
1742 2334 1815 2386 31,
1870 2335 1905 2379 l.
1948 2333 2089 2379 Reiff.
2134 2331 2169 2387 I,
2217 2331 2293 2387 29,
2334 2332 2375 2378 3.

1306 2405 1493 2451 Molina
1519 2408 1587 2452 De
1609 2406 1781 2451 Iustit.
1804 2405 1886 2452 Tr.
1903 2404 1959 2450 V.
1981 2404 2121 2464 Disp.
2139 2404 2182 2450 2.
2201 2402 2377 2464 Laym.
2443 2456 2446 2460 ,

1309 2478 1385 2524 De
1407 2479 1551 2533 leyib.
1575 2477 1693 2536 Cap.
1715 2477 1773 2523 V.
1789 2491 1836 2522 n.
1860 2478 1900 2522 l.

1367 2547 1396 2591 2
1417 2547 1562 2594 Suar.
1591 2550 1654 2594 De
1676 2549 1883 2593 Censur.
1911 2548 1981 2601 14,
2013 2548 2051 2602 l,
2075 2547 2118 2594 2.
2141 2547 2374 2606 Superio-

1307 2620 1377 2665 ris
1411 2622 1507 2672 est,
1534 2618 1659 2663 ferre
1692 2618 1844 2677 leges,
1880 2619 1928 2663 in
1965 2618 2038 2664 eis
2062 2617 2375 2678 dispensare,

1308 2703 1518 2736 munera
1549 2688 1752 2749 publica
1785 2689 2061 2742 decernere,
2086 2691 2200 2735 etc.:
2229 2687 2372 2735 Iudi-

1308 2762 1381 2807 cis
1400 2763 1492 2815 est,
1512 2760 1571 2805 de
1592 2762 1763 2806 causis
1787 2773 2100 2820 cognoscere,
2121 2758 2376 2815 mandata,

1309 2832 1525 2885 decreta,
1558 2831 1854 2884 sententias,
1878 2830 2002 2876 ferre
2027 2834 2143 2876 etc.:
2175 2830 2374 2876 utrius-

1307 2914 1419 2960 que,
1461 2915 1647 2961 poenas
1686 2901 1928 2960 infligere.
1962 2902 2082 2947 Jure
2120 2899 2375 2948 communi

1309 2972 1568 3018 coercendi
1592 2974 1820 3031 potestas
1846 2974 2055 3018 vocatur
2078 2973 2379 3028 imperium.

1309 3044 1451 3100 Quod
1475 3044 1526 3088 in
1552 3057 1747 3088 merum
1774 3046 1824 3088 et
1846 3044 2064 3088 mixtum
2094 3042 2372 3088 diducitur:

1309 3127 1501 3159 merum
1523 3116 1700 3169 estjus
1719 3115 1917 3170 yladii,·
1938 3114 2153 3158 mixtum
2179 3114 2257 3157 est
2272 3123 2376 3157 mo-

1309 3187 1427 3230 dica
1470 3187 1730 3238 coercitio,
1762 3197 1890 3244 quae
1916 3182 2261 3242 Jurisdictioni
2297 3185 2376 3228 est

1310 3258 1594 3308 admioeca;
1625 3254 1832 3308 scilicet,
1857 3268 1915 3299 ne
1950 3254 2073 3300 haec
2107 3253 2232 3300 alias
2266 3253 2379 3299 inu·

1310 3326 1466 3371 tiliter
1505 3325 1624 3371 data
1658 3326 1891 3372 videatur
1924 3325 2004 3382 (L.
2036 3324 2081 3370 5.
2125 3327 2198 3372 De
2240 3325 2378 3383 Offie.

1309 3400 1420 3443 eius
1441 3399 1527 3443 cui
1542 3400 1715 3443 mand.
1737 3398 2013 3453 estjurisd.
2032 3395 2087 3442 V.
2107 3395 2282 3455 Laym.
2306 3397 2378 3442 De
2426 3425 2429 3427 -

1310 3470 1477 3525 Lepte).
1515 3467 1569 3522 V,
1604 3468 1664 3522 8).

1371 3542 1398 3584 3
1432 3540 1575 3585 Suar.
1602 3542 1673 3586 De
1698 3539 1906 3585 Censur.
1930 3538 2004 3593 26,
2025 3539 2067 3592 4,
2101 3536 2166 3581 19.

1369 3613 1397 3655 4
1429 3612 1506 3656 Ex
1541 3610 1638 3656 LL.
1667 3611 1704 3663 1,
1727 3611 1769 3663 8,
1792 3611 1832 3654 9.
1861 3612 1931 3656 De
1969 3609 2100 3666 Offic.
2134 3609 2380 3654 Procons.

1310 3682 1366 3728 L.
1388 3682 1446 3726 20
1467 3686 1513 3727 h.
1537 3686 1568 3727 t.
1594 3684 1687 3737 (De
1714 3682 2016 3738 Iurisde'et.).

2490 115 2538 135 ·····
