2548 4042
0 360 83 489 i

0 508 13 555 z

0 560 29 728 ξ

0 774 23 811 b

0 826 10 858 l

0 877 18 994 Ξῖ

472 0 651 37 'u-rgflw

285 30 417 93 ³⁵⁴³?
456 37 476 73 ’-
680 0 859 100 (ism
881 27 952 99 ιι.
983 46 1053 98 se
1083 53 1327 100 runem
1358 54 1530 106 eneae
1559 54 1871 99 ωσι-ητα
2333 38 2395 96 91

235 207 243 210 Δ
336 127 443 198 illa
477 138 658 207 edite.
683 138 931 214 professi
960 138 1263 219 berediQs
1286 138 1488 198 stetim
1528 139 1819 205 desertum
1849 138 2043 214 eique.
2073 140 2182 197 nisi
2220 141 2296 199 de
2329 155 2401 199 ea

134 288 138 291 ,
224 229 228 237 “
394 229 530 295 erit.
574 229 843 287 succedit
882 230 1321 296 monasterium,
1361 230 1410 287 si
1453 233 1514 288 et
1555 231 1662 287 boc
1714 246 1900 304 capax
1947 231 2024 291 sit
2069 231 2398 302 possidendi

146 311 307 379 bna
333 319 653 378 immobilis
681 319 781 391 (8).
807 324 869 378 et
892 321 997 392 jus
1021 320 1198 377 civile
1239 335 1354 377 non
1381 321 1600 385 obstet;
1630 321 1772 393 quia
1789 322 1931 393 jura
1956 322 2398 379 successionum

146 414 228 469 ex
262 409 403 482 lege
439 410 599 468 civili
642 426 776 467 cum
818 410 1020 482 primis
1056 410 1478 473 assumentum
1521 412 1582 465 et
1623 412 1760 481 jure
1800 412 2083 467 canonico
2125 427 2237 467 non
2278 410 2399 467 alia

147 497 378 558 ratione
414 502 659 558 cautum
699 503 808 564 est.
851 500 1002 556 bons
1041 500 1324 558 intestato
1367 501 1787 572 profitentium.
1831 501 1924 556 vel
1980 500 2397 557 decedentium

141 587 224 648 ad
259 592 620 648 monasteris
662 590 979 663 pertinere.
1019 606 1196 664 quam
1247 591 1399 664 quod
1443 591 1530 647 eis
1568 593 1694 659 jure
1740 591 2035 647 debentur
2073 591 2184 662 (9);
2226 599 2398 648 secus

144 679 476 738 succedunt
516 682 767 739 heredes
796 681 1066 752 legitimi.
1095 679 1346 737 Professi
1375 681 1829 751 distinguuntur
1873 682 1929 735 in
1965 681 2143 736 laicos
2177 683 2239 736 et
2280 681 2397 737 cle·

144 766 317 827 ricos-
345 769 522 826 Nobis
548 772 621 827 de
664 771 1062 842 Regularibus
1087 788 1190 841 qua
1219 772 1489 842 requlares
1515 775 1672 834 sunt,
1706 767 1907 843 (atque
1940 770 2067 826 ideo
2096 786 2214 841 qua
2243 769 2397 836 laici,

146 872 266 917 uon
305 874 426 933 qua
455 861 682 933 clerici)
713 861 1014 933 egendum
1055 869 1164 917 est.

223 948 349 1007 104.
376 950 584 1022 ltaque
614 951 909 1022 professus
936 966 1011 1007 ex
1053 956 1188 1008 voto
1227 950 1634 1007 continentiae
1667 949 2009 1021 prohibetur
2039 949 2278 1020 nuptiis.
2310 951 2395 1006 Ex

142 1041 282 1096 voto
318 1039 695 1097 obedientiae
733 1043 963 1112 amplius
993 1043 1116 1095 velle
1140 1048 1189 1095 ec
1223 1043 1358 1095 nolle
1397 1058 1498 1095 non
1537 1041 1681 1094 habet
1711 1039 1849 1110 (10);
1884 1041 2016 1095 ideo
2046 1055 2159 1093 nou
2206 1042 2397 1109 potest

140 1130 512 1194 contrahere,
542 1130 653 1185 nisi
682 1131 757 1187 de
796 1130 1166 1202 superiorum
1205 1145 1496 1187 consensu
1539 1145 1835 1201 expreSSQ
1867 1130 1958 1184 vel
2004 1129 2209 1191 tacito;
2245 1132 2305 1183 et
2343 1129 2392 1183 si

139 1220 523 1284 contraxerit.
551 1221 702 1277 alios
729 1222 1087 1278 monasterio
1112 1221 1356 1292 obligat,
1386 1237 1498 1276 non
1531 1220 1970 1282 monasterinm,
2002 1219 2093 1274 vel
2137 1219 2394 1288 seipsum

137 1309 276 1369 aliis
302 1309 442 1382 (11).
476 1311 717 1368 Demum
756 1325 832 1367 ex
874 1314 1009 1366 voto
1050 1311 1435 1382 paupertatis»,
1465 1311 1681 1372 verius,
1714 1325 1827 1365 non
1869 1311 2062 1379 potest
2104 1309 2396 1364 beneficia

137 1399 549 1460 ecclesiastica
585 1400 883 1472 possidere
914 1402 1048 1474 (12).
1079 1406 1139 1457 et
1171 1402 1466 1472 proprium
1511 1402 1732 1456 habere
1776 1399 1921 1455 nibil
1970 1403 2159 1468 potest
2187 1413 2392 1453 earum

138 1505 356 1556 rerum,
380 1506 536 1564 quse
573 1491 762 1562 pretio
800 1492 1190 1547 aestimantur
1222 1488 1365 1564 (13);
1394 1490 1499 1546 sed
1539 1490 1822 1562 quidquid
1861 1489 2118 1559 acquirit
2161 1501 2393 1560 quoquo

138 1677 422 1741 Religionis
452 1678 803 1728 introductum
835 1679 1036 1738 fuisse),
1072 1684 1124 1728 et
1157 1680 1213 1728 R.

136 1748 192 1798 Ρ.
220 1753 482 1797 reservata
513 1750 586 1808 (8.
609 1750 664 1800 C.
695 1750 818 1812 Bpp.
849 1750 988 1798 Decr.
1022 1751 1074 1796 19
1101 1750 1210 1798 Iun.

141 1820 293 1868 18581.
324 1818 526 1882 Nempe,
559 1821 604 1868 si
637 1821 764 1868 forte
802 1821 1006 1868 iniussn
1043 1822 1208 1883 Supe-

132 1891 288 1940 floris
329 1890 469 1940 abire
512 1892 688 1945 velint.
733 1890 810 1939 vel
855 1891 1085 1947 abierint,
1132 1893 1210 1939 vel

135 1960 274 2011 abin
293 1962 452 2011 eoacti
477 1962 684 2015 suerint,
709 1968 766 2010 ut
787 1964 987 2024 opinor:
1022 1977 1140 2011 nam
1164 1965 1209 2011 si

135 2045 170 2081 a
197 2030 559 2095 superioribus
600 2034 713 2082 suis
754 2039 880 2082 ante
918 2040 1211 2091 solemnem,

132 2103 445 2165 professione
467 2104 720 2152 mdimissi
744 2104 963 2159 fuerunt.
982 2106 1046 2154 ab
1068 2110 1211 2155 omni

131 2178 373 2222 ”toruus
395 2175 692 2223 huiusmodi
715 2179 921 2224 viuculo
946 2183 996 2225 ee
1014 2180 1207 2237 obliqu-

132 2245 273 2294 “one
297 2257 356 2294 eo
388 2249 504 2304 ipso
541 2248 694 2293 libert·
722 2249 862 2306 fiune
891 2247 977 2305 (lb.
1014 2252 1108 2296 art.
1140 2251 1208 2307 3).

130 2313 337 2364 munim
368 2321 539 2364 autem
580 2323 798 2377 possunt
835 2333 904 2368 ex
933 2323 1102 2376 justis
1143 2334 1208 2367 ac

130 2389 540 2435 rationabilibus
561 2392 741 2436 causis
767 2414 789 2425 ·
814 2397 1028 2451 excepta
1049 2404 1207 2439 canes

116 2456 448 2505 infirmitatis
480 2463 600 2520 post
630 2460 769 2508 edita
800 2462 1055 2522 simplicis
1088 2468 1206 2509 vote

127 2530 463 2576 mtractae-
489 2534 542 2576 et
573 2530 763 2592 absque
798 2531 902 2579 ulla
935 2547 1204 2594 processus

130 2597 210 2647 vel
235 2598 419 2660 judicii
456 2599 663 2648 forma·
693 2604 796 2660 (cit.
836 2602 975 2651 Decr.
1011 2610 1101 2651 art.
1139 2606 1204 2659 5).

127 2668 293 2719 soluti
331 2675 503 2718 autem
542 2686 571 2718 a
611 2674 744 2720 votis
779 2673 1091 2736 hujusmodi.
1125 2677 1201 2724 vel

127 2734 194 2789 ab
212 2738 404 2790 Ordine
434 2741 656 2796 dimissi,
679 2745 910 2792 recidunt
934 2747 1200 2808 subjuris·

129 2808 352 2859 dictione
368 2814 557 2874 proprii
575 2814 847 2863 ordinarii.
863 2817 1201 2875 Quamobrem

130 2881 196 2938 is,
210 2882 256 2928 ai
275 2882 355 2929 vel
373 2884 436 2930 ad
459 2884 661 2932 ordines
682 2890 980 2947 promoveri,
1000 2889 1078 2936 vel
1102 2903 1202 2937 ma·

123 2951 423 3000 trimonium
439 2957 733 3003 contrahere
754 2958 928 3013 velint,
942 2973 1061 3007 cum
1078 2963 1199 3014 illis,

117 3027 286 3081 prou!
302 3037 421 3071 cum
442 3029 631 3073 ceteris
650 3030 763 3074 suiv
784 3032 1124 3086 dioecesanis,
1147 3045 1202 3081 se

124 3097 1169 3165 uonnedeeeewiuslxaeman.1883).

183 3162 216 3209 8
248 3163 510 3218 excae.
544 3168 607 3219 10.
633 3170 758 3219 Cau.
788 3172 852 3225 19,
884 3174 926 3223 3.
953 3175 1200 3223 Anthent

130 3232 377 3292 Inar-esti.
409 3238 462 3283 C.
483 3239 559 3287 Dc
585 3241 675 3287 SS.
699 3243 888 3291 eccles.
922 3244 1056 3291 Solis
1092 3261 1195 3307 pro-

124 3304 279 3352 motis
312 3305 375 3353 ad
401 3307 763 3370 Episcopatnm
798 3316 1090 3363 restituitur
1112 3319 1199 3378 jus

124 3371 345 3422 adeundi
372 3376 681 3429 hereditates
702 3383 800 3431 sibi
826 3398 855 3431 a
884 3389 1199 3445 promotione

121 3442 335 3496 delatae.
370 3449 457 3495 sed
492 3451 661 3499 favore
692 3466 904 3502 suerum
934 3456 1190 3506 Ecclesia-

59 3538 70 3557 κ
120 3527 233 3562 rum
253 3515 527 3566 dumtaxat
548 3521 615 3573 (8
637 3523 689 3571 C.
709 3524 763 3572 C
787 3523 1031 3574 ⁷Decem.
1067 3528 1197 3577 1639.

120 3582 195 3632 De
226 3588 455 3649 Angelis.
498 3592 748 3642 Prtzeloet.
794 3597 903 3643 [αν.
945 3598 1070 3647 Cnn.
1110 3598 1195 3654 111,

118 3654 195 3710 m,
217 3658 280 3717 6).
309 3660 520 3718 Quid,si
555 3664 777 3712 nondum
813 3666 955 3715 adita
988 3667 1191 3717 heredi·

118 3729 226 3776 tate
248 3728 575 3791 decesserint,
597 3748 661 3783 an
679 3737 768 3796 jus
790 3739 900 3798 ejus
929 3739 1191 3790 adeundae

1309 1679 1373 1727 ad
1406 1694 1531 1728 sues
1565 1681 1806 1727 ecclesias
1845 1678 2236 1727 transmittent?
2275 1677 2385 1726 Non

1315 1756 1454 1813 puto.
1489 1753 1609 1813 quis
1635 1753 1753 1812 jure
1786 1751 2167 1799 successionum
2193 1750 2387 1812 exjure

1313 1822 1454 1870 civili
1489 1825 1851 1877 aestimentnr3
1885 1827 1936 1869 et
1969 1822 2232 1883 nequejus
2254 1834 2389 1868 com-

1315 1907 1482 1946 mune,
1514 1906 1677 1954 neque
1712 1892 1814 1939 NN.
1847 1892 1946 1940 LL.
1981 1894 2055 1939 eis
2091 1893 2273 1939 favent.

1372 1964 1403 2009 9
1434 1964 1485 2013 C.
1532 1964 1562 2009 2
1596 1966 1671 2012 De
1714 1969 1931 2013 Testam.
1971 1964 2086 2017 Seu.
2128 1966 2265 2023 quod
2309 1965 2387 2011 ita

1313 2039 1422 2095 leae
1464 2038 1761 2095 disponitur
1803 2037 1878 2088 (C.
1909 2036 1956 2093 9,
1985 2036 2109 2085 Cau.
2149 2035 2213 2083 19.
2237 2047 2284 2096 q.
2323 2035 2392 2091 3);

1312 2115 1499 2167 aperta
1519 2110 1672 2166 juris
1694 2109 1997 2167 definitione
2026 2111 2284 2155 decretum
2309 2111 2386 2154 est

1311 2180 1359 2227 8.
1384 2179 1590 2240 Gregor.
1614 2179 1676 2226 M.
1696 2179 1900 2236 Epistol.
1925 2178 2017 2225 Lib
2049 2177 2132 2230 lx,
2157 2177 2318 2237 Epist.
2334 2176 2378 2223 7.

1309 2251 1375 2297 Et
1398 2251 1490 2298 hoc
1512 2252 1624 2312 Jnre
1649 2252 1727 2296 usi
1752 2250 1941 2295 fuimus
1976 2250 2025 2312 in
2060 2249 2231 2307 Regno
2257 2246 2383 2294 utri·

1310 2337 1474 2385 usque
1502 2323 1703 2370 Siciliae
1738 2336 1767 2368 a
1791 2322 1850 2366 70
1876 2326 1926 2367 et
1958 2321 2182 2381 emplius
2214 2318 2380 2374 annis,

1309 2394 1357 2440 S.
1400 2393 1527 2441 Sede
1575 2393 1870 2440 nullatenus
1912 2391 2243 2445 reclamant03
2291 2402 2382 2437 nec

1305 2478 1613 2526 quemquem
1649 2477 1708 2510 ex
1747 2462 2017 2510 heredibus
2041 2461 2287 2523 legitimis
2318 2459 2382 2508 ob

1309 2538 1357 2583 id
1383 2537 1733 2597 inquietarunt
1757 2547 1982 2596 unquam
2012 2533 2264 2595 Episcopi,
2300 2532 2378 2579 vel

1306 2608 1633 2656 Confessnrii.

1374 2679 1425 2724 10
1447 2680 1500 2728 C.
1525 2680 1582 2725 27
1609 2680 1684 2726 De
1710 2679 1863 2726 Elece.
1888 2677 1939 2723 in
1961 2678 2027 2724 6⁰.

1373 2753 1415 2797 ll
1447 2752 1524 2798 Ex
1549 2764 1618 2811 pr.
1648 2753 1812 2797 Instie.
1839 2752 1912 2796 De
1946 2749 2128 2805 Seipnl.
2156 2745 2377 2799 Servor,-

1306 2821 1363 2868 V.
1387 2822 1544 2870 Salm.
1575 2823 1641 2875 12,
1664 2823 1703 2875 2,
1730 2837 1758 2868 u
1782 2835 1831 2867 n.
1857 2821 1960 2865 212.
1983 2819 2083 2865 Nec
2108 2822 2379 2863 testamen·

1305 2898 1414 2941 tum
1451 2894 1609 2941 secere
1653 2896 1869 2953 possunt
1907 2891 1980 2938 ⁴0.
2017 2891 2045 2933 2
2086 2889 2160 2935 De
2203 2889 2378 2935 Testa·

1306 2969 1492 3017 mena).
1517 2965 1598 3010 Uti
1626 2965 1782 3021 igitur
1815 2962 1963 3008 hodie
1986 2959 2046 3006 de
2070 2959 2255 3006 delatis
2275 2957 2375 3006 sibi

1307 3035 1673 3082 hereditatibus
1691 3034 1957 3094 disponere
1977 3030 2194 3083 valeant.
2215 3030 2265 3076 S.
2289 3028 2374 3076 Se-

1306 3106 1387 3152 dis
1420 3106 1623 3152 licentia
1658 3105 1911 3166 indigent:
1944 3108 1995 3150 et
2027 3104 2099 3149 its
2133 3102 2340 3149 utimur.

1371 3177 1425 3221 12
1456 3178 1503 3223 S.
1539 3178 1591 3226 C.
1627 3177 1792 3238 Episc.
1824 3177 1874 3222 17
1901 3175 2046 3224 Mart.
2075 3174 2372 3236 lss7l‚J'ussu

1304 3246 1460 3295 Clem.
1496 3246 1555 3293 X.

1372 3319 1424 3364 13
1456 3319 1496 3367 C
1542 3319 1573 3364 6
1606 3319 1680 3367 De
1705 3320 1832 3366 scae.
1855 3319 2059 3366 Monac.
2088 3317 2239 3365 Salm.
2274 3316 2371 3365 193.

1303 3389 1423 3436 Dixi
1457 3403 1661 3446 earum,
1688 3396 1795 3439 etc..
1820 3392 1939 3453 quia
1972 3405 2050 3436 res
2074 3390 2370 3451 spirituales

1302 3462 1559 3523 acquirere
1592 3466 1834 3523 possunt;
1867 3475 1895 3507 v
1934 3477 1972 3509 c.
1999 3463 2072 3509 SS
2110 3461 2372 3523 reliquias.

1298 3534 1474 3590 Aonas
1509 3533 1603 3581 Dei
1648 3532 1683 3580 S
1722 3532 1867 3594 Alph.
1895 3533 1976 3586 IV,
2010 3537 2097 3588 14),
2123 3532 2367 3580 beneficia

1299 3606 1576 3666 regularia:
1609 3622 1821 3670 quorum
1849 3609 2034 3656 idcirco
2058 3608 2256 3669 plenem
2282 3607 2368 3655 sd·

1298 3676 1724 3727 ministrationem
1750 3681 1937 3729 hebent
1956 3682 2148 3743 (Leym.
2173 3680 2260 3730 lib.
2282 3679 2375 3734 lv,

1297 3746 1375 3794 Tr.
1401 3746 1457 3795 V.
1483 3749 1537 3798 C.
1562 3749 1667 3807 vll,
1694 3755 1759 3809 4).
