2554 4004
126 30 295 91 Saec.
327 29 519 102 XVII,
563 29 759 89 multis
791 28 914 89 TT.
955 28 1212 88 libertati
1256 27 1388 106 plus
1432 47 1623 107 aequo
1669 4 2132 106 indulgentibus,
2175 0 2554 114 propew?

123 125 181 181 in
214 124 525 182 laxismum
572 122 749 181 relabi
799 121 1125 181 videretur:
1170 121 1465 181 docebant
1503 122 1658 180 enim
1706 122 1796 192 fas
1839 141 1975 183 esse
2017 124 2184 202 sequi
2230 127 2360 204 opi-

125 217 334 274 niones
359 216 612 274 libertati
647 215 916 274 faventes
939 214 1031 274 vel
1059 220 1286 273 tantum
1313 214 1724 293 probabiliter
1743 213 1888 290 (96),
1914 214 2091 275 immo
2114 217 2299 297 (quod
2322 237 2362 279 a

122 307 370 367 laxismo
404 308 499 365 vix
532 307 734 379 distat)
767 308 944 367 etiam
978 307 1148 366 dubie
1180 307 1307 382 (97)
1333 308 1686 384 probabiles,
1713 308 2128 384 Tutior-ismuS,
2147 321 2358 373 nactus

121 401 401 478 temporis
456 400 976 477 opportunitatem,
1030 401 1176 460 duce
1224 400 1488 460 Candido
1543 401 1852 474 Philalete‚
1901 402 2056 462 idest
2114 404 2358 466 Andrea

120 493 388 552 Blancho
423 493 482 552 S.
510 493 571 565 1.‚
603 511 698 551 an.
727 493 962 551 circiter
991 494 1165 566 1640,
1195 495 1507 569 resumptis
1539 496 1778 568 viribus,
1801 498 2102 574 insperato
2136 499 2377 559 Proba-⁶

120 586 406 645 bilismum
443 586 714 644 incessit:
750 594 809 645 et
853 586 1319 663 suffragantibus
1361 588 1575 647 deinde
1609 588 1736 648 TT.
1774 588 1843 651 Ο.
1876 590 1995 650 ΡΡ.
2030 593 2355 671 quibusque

119 680 492 751 doctissimis,
519 698 688 756 quem
723 686 964 757 propter
995 680 1309 740 multorum
1342 682 1856 758 intemperantiam
1889 683 2003 743 iam
2039 685 2352 746 multorum

117 773 379 832 subierat
410 772 684 831 invidiam
711 773 836 832 fere
860 773 1113 850 undique
1140 781 1398 845 extruSO‚
1421 775 1527 833 sub
1554 775 1790 834 nomine
1818 775 2358 839 Probabiliorismi

115 866 292 944 (quod
357 867 533 926 etiam
602 886 754 925 nunc
815 868 1061 941 retinet)
1094 868 1310 926 scholis
1367 887 1518 945 pene
1583 869 1874 928 universis
1917 870 2178 930 incubuit
2209 870 2353 951 (98),

173 1052 234 1098 96
255 1051 488 1099 Tambur.
515 1054 679 1099 Decal.
705 1052 740 1106 Ι,
760 1053 880 1112 Cap.
899 1053 927 1097 3
949 1057 977 1107 ἓ
999 1053 1039 1097 9.
1060 1054 1179 1100 Car-

113 1123 225 1170 den.
246 1123 377 1170 Cris.
394 1128 484 1170 etc.
506 1123 721 1170 Dissert.
739 1123 822 1176 IV,
839 1124 957 1183 Cap.
978 1124 1021 1178 3,
1046 1138 1092 1170 n.
1112 1123 1179 1168 17.

110 1193 323 1255 Illsung,
357 1195 674 1247 Banholtzer‚
695 1194 967 1249 Arsdekin‚
995 1198 1085 1241 etc.
1112 1194 1177 1239 Et

108 1266 366 1326 probabile
377 1267 544 1311 visum
556 1266 769 1314 Claudio
782 1266 851 1311 La
861 1266 1010 1314 Croix
1027 1265 1062 1318 1,
1074 1266 1176 1311 368.

169 1337 226 1383 97
259 1337 330 1386 Cf.
365 1337 576 1386 Carden.
610 1338 661 1382 in
709 1336 728 1381 1
767 1337 896 1382 Cris.
931 1339 1069 1395 Disp.
1104 1338 1177 1392 58,

108 1408 229 1468 Cap.
254 1409 295 1455 3.
319 1408 384 1454 Et
406 1421 456 1453 re
478 1408 684 1468 quidem
711 1422 827 1454 vera
850 1408 944 1455 hoc
974 1408 1177 1454 saeculo

106 1478 406 1539 prodierunt
438 1478 607 1524 loann.
643 1479 857 1525 Saucius
893 1479 999 1538 (qui
1045 1492 1175 1538 opus

107 1563 260 1596 suum
280 1549 530 1596 ediditan.
550 1550 747 1596 circiter
763 1549 888 1603 1620,
906 1548 1174 1596 caramuel

109 1621 198 1676 (ob.
234 1635 311 1667 an.
340 1621 487 1675 1649),
510 1620 741 1667 Leander
772 1620 869 1678 (ob.
897 1621 1048 1679 1667),
1070 1619 1170 1667 La-

107 1693 360 1738 xistarum
392 1692 738 1751 antesignani:
775 1692 952 1751 hisque
995 1692 1170 1750 proxi-

104 1775 222 1809 mus
241 1763 390 1820 Moya
407 1764 577 1821 (cuius
599 1763 824 1810 Seleeeae
845 1764 1175 1820 quaestiones

105 1837 332 1882 morales
353 1835 516 1881 editae
546 1837 670 1880 sunt
703 1848 780 1879 an.
812 1833 969 1886 1670›;
1004 1836 1053 1879 et
1093 1833 1174 1878 vix

104 1918 205 1952 non
248 1906 467 1966 proximi
508 1904 670 1950 Diana
710 1908 760 1949 et
800 1904 1171 1958 Tamburinu83

105 1980 169 2030 et,
191 1977 308 2037 plus
343 1990 502 2036 aequo
536 1975 739 2035 benigni
767 1975 1069 2035 Pasqualigo
1098 1976 1172 2031 (O.

109 2050 255 2103 1630),
286 2048 549 2094 Zanardus
593 2047 665 2100 (O.
705 2047 851 2101 1641),
898 2046 1170 2106 Fagundez

104 2122 178 2174 (Ο.
213 2120 367 2177 1645),
399 2123 449 2165 et
490 2118 665 2165 Gobat.
716 2120 793 2164 Ex
842 2131 897 2163 eo
946 2122 1172 2177 tempore

104 2190 503 2237 Probabilismus
525 2191 578 2235 in
602 2189 731 2236 duas
756 2192 922 2235 sectas
951 2188 1095 2235 abiit:
1120 2190 1171 2234 et

102 2263 204 2323 qui,
239 2261 509 2308 Veteribus
545 2261 883 2315 inhaerentes,
906 2260 1168 2320 opiniones

99 2347 190 2393 pro
206 2333 436 2379 libertate
454 2346 551 2378 non
572 2331 879 2391 recipiebant
895 2331 993 2376 nisi
1013 2336 1169 2384 certe,

95 2407 428 2463 graviterque
444 2402 742 2464 probabiles,
766 2405 1020 2448 Moderati
1035 2415 1057 2455 ‚·
1082 2403 1168 2462 qui

97 2474 334 2522 fovebant
357 2475 434 2521 vel
460 2479 661 2521 tantam
679 2475 1023 2531 probabiliter
1056 2487 1163 2533 pro-

99 2545 291 2592 babiles
318 2548 439 2591 Lati
469 2545 831 2591 Probabilistae
866 2545 989 2590 dicti
1020 2548 1162 2590 sunt:

98 2618 215 2663 inde
229 2617 624 2664 Probabilismus
637 2615 1166 2669 moderatus‚etlatus.

157 2689 215 2732 98
248 2688 722 2734 Probabiliorismus
769 2686 985 2732 mediam
1034 2687 1166 2731 inter

98 2758 524 2805 Probabilismum
559 2762 607 2803 et
636 2758 1001 2804 Tutiorismum
1029 2758 1162 2802 viam

96 2831 266 2874 tenere
299 2844 353 2876 se
387 2829 666 2888 profitetur.
701 2829 828 2874 Nam
863 2828 1023 2882 docet,
1045 2827 1157 2873 lici-

98 2902 207 2947 tum
241 2913 352 2945 esse
386 2901 529 2960 sequi
563 2900 850 2959 opinionem
876 2902 1046 2946 minus
1075 2902 1158 2944 tu-

95 2973 219 3021 tam,
242 2971 512 3017 dummodo
536 2973 604 3016 sit
628 2970 952 3031 probabilior:
982 2983 1161 3030 nempe

95 3041 217 3099 quia
251 3042 301 3086 id
336 3042 605 3099 prudentia
637 3043 885 3101 suggerit,
934 3045 984 3088 et
1015 3056 1161 3088 nemo

94 3116 271 3169 peccat
303 3112 390 3170 qui
415 3114 638 3157 actiones
663 3127 784 3158 suas
817 3114 992 3173 dirigit
1015 3114 1163 3160 iuxta

93 3180 395 3240 prudentiae
428 3183 629 3241 regulas
654 3184 882 3238 (Billuar.
910 3186 984 3232 De
1005 3188 1159 3232 Aetio.

91 3254 307 3298 human.
324 3251 666 3308 Diss.VI,Art.
684 3257 724 3308 3,
741 3255 796 3299 V.
813 3257 1073 3302 Probatur
1093 3258 1164 3304 3⁰.

94 3323 159 3368 Et
181 3327 287 3369 Art.
310 3325 337 3368 4
362 3325 412 3369 in
441 3338 511 3383 pr.
540 3351 559 3360 -
587 3326 756 3371 Theoi.
784 3327 979 3373 Cursus
1013 3328 1155 3376 Com·

92 3394 262 3453 pletus
296 3395 345 3439 T.
373 3395 455 3446 XI,
480 3397 531 3441 in
557 3397 653 3442 fine
680 3400 907 3454 Append.
936 3400 1009 3444 De
1036 3400 1158 3444 Pro-

94 3467 362 3511 babilismo
386 3467 504 3526 Cap.
529 3467 571 3520 2,
605 3481 651 3512 n.
676 3467 748 3513 524.
772 3468 980 3514 Parisiis
1005 3471 1156 3528 1839).

92 3537 176 3588 At,
209 3550 261 3581 re
294 3537 499 3596 quidem
544 3551 673 3591 vera,
723 3538 1160 3585 Probabilioristae

94 3619 221 3666 pene
248 3620 441 3662 omnes,
462 3608 750 3667 opinionem
774 3608 1158 3669 probabiliorem

1282 1066 1392 1098 eam
1412 1052 1627 1114 denique
1652 1067 1767 1100 esse.
1782 1054 2044 1109 definiunt,
2063 1057 2213 1103 cuius
2234 1069 2352 1105 con·

1281 1125 1436 1170 traria
1487 1129 1626 1171 notis
1678 1128 1921 1174 veritatis
1973 1132 2075 1173 tam
2127 1129 2353 1177 eoeilibus

1279 1196 1519 1253 fulcitur,
1558 1200 1621 1242 ut
1659 1210 1764 1243 non
1805 1199 1964 1245 aliter
2003 1210 2066 1244 ac
2108 1202 2348 1258 scrupuli

1279 1270 1535 1313 contemni
1565 1272 1830 1314 mereatur
1867 1268 2031 1324 (Hoch
2066 1270 2349 1319 Doctrinae

1282 1337 1657 1384 Probabilioris
1691 1340 1908 1385 Theoria
1935 1344 1995 1394 ἓξ
2027 1340 2099 1395 27,
2132 1341 2204 1387 31.
2229 1341 2349 1389 Pra-

1277 1420 1371 1467 gae
1404 1407 1603 1455 Veteris
1634 1409 1789 1466 1771):
1835 1423 1960 1463 eam,
1995 1424 2122 1471 quae
2163 1411 2351 1459 nititur

1279 1479 1500 1531 motiviS,
1521 1492 1647 1539 quae
1666 1479 1900 1526 omnibus
1922 1481 2116 1540 passim
2141 1481 2348 1529 videan-

1278 1552 1361 1592 tur
1392 1550 1759 1602 convincentia,
1782 1563 1839 1596 ac
1863 1551 2171 1598 sententiam
2192 1565 2344 1614 oppo-

1278 1619 1429 1665 sitam
1453 1619 1836 1679 improbabilem
1859 1620 2075 1668 reddant
2094 1621 2346 1677 (Brocard.

1278 1691 1352 1737 De
1391 1691 1726 1739 Conscientia.
1772 1692 1977 1748 Quaest.
2021 1691 2070 1737 11
2109 1693 2184 1742 De
2226 1694 2346 1752 Rea.

1278 1763 1594 1808 Moralitatis
1623 1766 1653 1818 ἓ
1681 1763 1748 1818 15,
1779 1763 1907 1810 Sect.
1942 1764 1984 1818 3,
2019 1777 2066 1811 v.
2090 1757 2211 1812 Dico
2233 1766 2348 1812 lici·

1277 1838 1388 1879 tum
1421 1836 1541 1889 est).·
1577 1847 1690 1881 eam
1723 1847 1858 1892 qaae
1885 1837 2121 1882 eoeezuait
2139 1848 2342 1884 omnem

1273 1905 1616 1963 formidinem
1655 1907 2025 1954 rationabilem
2060 1905 2347 1964 falsitatis,

1276 1979 1484 2034 etparit
1493 1978 1853 2024 certitudinem
1866 1979 2053 2025 saltem
2065 1979 2341 2026 relativam

1275 2047 1496 2105 (Antoin.
1534 2049 1608 2095 De
1643 2049 1812 2095 Conse.
1837 2049 1955 2109 Cap.
1978 2049 2058 2102 IV,
2077 2051 2342 2108 Quaes.l):

1272 2132 1407 2177 qnae
1439 2120 1644 2165 nullam
1679 2122 1904 2173 omnine,
1927 2133 2018 2166 neo
2050 2123 2363 2168 modicissi-·

1273 2203 1414 2235 mam
1447 2193 1664 2238 errandi
1705 2189 2045 2248 formidinem
2088 2194 2340 2251 relinquit

1274 2261 1500 2309 (Cunilia.
1527 2263 1601 2308 De
1629 2264 1801 2309 Conse.
1824 2262 1942 2321 Cap.
1968 2261 2005 2313 Ι,
2026 2264 2056 2315 ἓ
2080 2262 2123 2317 6,
2147 2263 2251 2310 Art.
2270 2264 2339 2320 1):

1271 2346 1404 2390 qaae
1425 2335 1495 2378 sit
1517 2336 1787 2381 moraliter
1802 2339 1944 2380 certa
1965 2333 2171 2388 (Habert
2189 2333 2274 2382 Το.
2290 2334 2336 2389 3,

1273 2408 1347 2451 De
1374 2405 1544 2451 Conse.
1568 2404 1688 2465 Cap.
1711 2407 1774 2457 4).
1798 2404 1907 2451 Uno
1930 2404 2094 2457 verbo,
2113 2415 2268 2466 quam
2290 2405 2338 2453 si

1269 2476 1410 2521 nefas
1443 2478 1521 2521 est
1554 2476 1712 2535 sequi,
1737 2475 1878 2522 nefas
1912 2476 2006 2521 erit
2038 2476 2183 2536 sequi
2221 2475 2335 2536 opi-

1268 2547 1468 2592 nionem
1503 2546 1582 2592 vel
1616 2547 1747 2591 inter
1778 2545 2062 2605 probabiles
2094 2544 2332 2605 probabi-

1268 2616 1516 2662 lissimam
1569 2616 1750 2673 (Collet
1791 2618 1864 2663 De
1909 2617 2080 2663 Conso.
2121 2616 2242 2676 Cap.
2274 2615 2334 2670 V,
2397 2650 2404 2660 .

1268 2687 1434 2735 Concl.
1459 2688 1499 2741 3,
1527 2688 1664 2735 Prob.
1681 2689 1741 2743 2).
1766 2689 1832 2733 Et
1856 2688 2164 2734 sententiam
2181 2700 2331 2735 suam

1267 2758 1543 2805 adstruunt
1590 2759 1771 2804 iisdem
1819 2759 2098 2820 principiis,
2141 2757 2332 2818 quibus

1271 2832 1483 2875 utuntur
1517 2830 1846 2885 Tutioristae;
1879 2829 2060 2875 iisdem
2091 2828 2324 2890 Scriptu-

1266 2913 1434 2946 rarum
1475 2904 1524 2946 et
1569 2901 1657 2945 ΡΡ.
1692 2901 2018 2946 testimoniis,
2060 2899 2166 2946 Hac
2209 2913 2262 2946 re
2306 2914 2336 2947 a

1265 2970 1560 3017 Tutioristis
1579 2972 1665 3017 vix
1688 2971 1898 3025 distant,
1916 2977 2004 3017 aut
2028 2985 2086 3016 ne
2112 2973 2198 3017 vix
2218 2972 2330 3031 qui-

1265 3041 1394 3087 dem.
1417 3043 1485 3087 At
1511 3042 1733 3101 profecto
1767 3055 1858 3088 nec
1893 3041 2332 3088 Probabilioristae

1265 3126 1354 3158 nec
1374 3113 1679 3159 Tutioristae
1703 3112 2043 3159 confundendi
2070 3115 2193 3158 sunt
2213 3125 2332 3159 eum

1264 3184 1536 3244 Rigoristis
1569 3185 1718 3243 (quos
1758 3183 1990 3230 nonnulli
2023 3183 2335 3230 Tutioristae

1261 3255 1452 3313 rigidos
1477 3258 1689 3311 vocant).
1708 3255 1944 3303 Ceterum
1965 3254 2257 3300 Tutiorismi
2281 3256 2333 3300 et

1263 3324 1657 3371 Tutioristarum
1697 3320 1957 3371 vocabulis
2002 3323 2172 3370 Nostri
2219 3333 2333 3370 raro

1261 3396 1533 3442 admodum
1568 3398 1811 3449 utuntur3
1846 3395 1934 3441 sed
1975 3394 2326 3441 Probabilistis

1260 3467 1757 3528 Antiprobabilistas‚
1776 3481 1868 3513 seu
1889 3465 2332 3512 Probabilioristas

1259 3541 1543 3598 opponunt.
