2548 4042
134 13 250 73 ’248
369 71 374 81 ,
504 31 629 70 rans
667 30 872 70 rma-
890 16 1260 71 »notescunt
1282 37 1308 56 ο
1329 26 1507 72 πίωσι.
1524 0 1595 69 iv.
1605 18 1702 74 nx
1697 0 2075 74 mmmm
2069 0 2264 104 ΝΞἛ

143 115 384 184 utrique
429 113 588 168 illam
636 112 710 168 ad
754 128 817 169 se
859 113 1098 169 trahere
1140 111 1401 169 student.
1443 110 1832 180 Quamobrem
1873 110 2026 168 nova
2067 102 2179 169 nio·
2182 78 2514 194 oritffssss,

143 202 439 274 quaestio:
471 217 696 272 nempe,
727 204 861 257 utra
890 217 1094 258 earum
1138 202 1195 257 in
1241 202 1606 272 possessione
1636 201 1814 258 fuerit
1853 203 1928 258 ab
1969 202 2171 266 initio:
2212 196 2468 278 atquejg·

145 292 274 346 ideo
316 294 463 351 utra,
509 290 567 344 in
610 291 804 345 dubiis
844 291 1307 362 quaestionibus,
1353 291 1410 345 in
1455 292 1821 361 possessione
1863 291 1958 347 sit.
1996 293 2069 348 Et
2100 294 2228 363 jam
2268 289 2450 351 fere
2470 350 2474 354 ,

146 383 251 436 hoc
279 395 510 451 quoque
543 380 698 435 inter
727 381 881 449 ipsos
910 381 1207 444 convenit,
1244 395 1373 435 eam
1402 381 1475 435 ab
1506 379 1675 435 initio
1704 380 1763 434 in
1796 382 2157 450 possessione
2190 382 2390 447 fuisse,

142 485 295 541 quae
338 473 597 539 tempore
642 470 796 539 prior
838 470 1056 525 extitit.
1088 472 1163 525 At
1210 484 1347 524 vero
1385 469 1740 524 Tutioristae
1782 472 2162 535 contendunt,
2197 472 2395 542 legem

143 560 305 631 prius
334 559 629 623 extitisse;
654 574 759 614 seu
784 560 1133 622 naturalem,
1158 559 1373 629 quippe
1404 563 1497 613 est
1526 559 1651 627 ipsa
1677 556 1788 614 Dei
1819 560 2093 615 voluntas
2121 562 2394 626 aeterna3
2490 559 2548 631 gt}

141 664 249 704 seu
293 650 619 719 positivam,
650 650 788 719 quia
819 652 986 701 omnis
1027 652 1209 718 remila
1251 655 1324 701 est
1356 652 1506 717 prior
1545 664 1638 701 suo
1679 651 1931 718 requlato.
1963 630 2418 707 Probabilistae'
2472 625 2543 722 ἒξ

141 738 511 802 libertate1n;
556 733 694 809 quia
736 743 879 793 tunc
922 755 1053 794 cum
1098 739 1192 794 lex
1223 739 1398 791 datur
1429 738 1664 801 homini,
1699 738 1891 807 isjam
1926 741 2131 794 extare
2173 739 2300 795 sive
2335 739 2396 795 in

144 833 343 884 mente
383 829 482 883 Dei
531 826 741 899 (quoad
774 829 875 898 jus
917 828 1228 896 naturale),
1272 827 1398 882 sive
1440 826 1635 895 reipsa
1667 824 1877 896 (quoad
1911 828 2012 897 J'us
2056 827 2394 898 positivum)

145 918 529 987 intelligitur:
563 918 902 987 regnintum
944 932 1082 972 vero
1122 917 1394 985 accipere
1437 917 1736 979 debemuS,
1783 931 1893 970 non
1939 917 2248 980 hominem,
2292 917 2394 973 sed

142 1009 407 1064 actiones
451 1010 748 1063 humanas.
781 1008 942 1070 Quod
981 1006 1121 1061 mihi
1165 1008 1256 1060 est
1300 1005 1532 1059 omnino
1563 1020 1794 1068 verum:
1827 1010 1887 1060 et
1929 1007 2233 1062 sententia
2259 1021 2395 1062 con-

143 1098 329 1152 traria
363 1112 398 1150 a
442 1102 654 1152 natura
691 1098 841 1165 legis
868 1096 1238 1151 alienissima
1280 1099 1386 1151 est.
1421 1096 1654 1150 Etenim
1696 1097 1745 1150 si
1787 1097 1885 1152 lex
1927 1096 1983 1151 in
2030 1097 2394 1166 possessione
2540 1160 2548 1172 ,

144 1186 258 1241 fuit
286 1187 360 1241 ab
405 1187 591 1249 initio,
623 1186 765 1240 nihil
799 1187 1055 1256 profecto
1093 1186 1319 1240 licitum
1351 1186 1483 1250 erit,
1516 1186 1625 1239 nisi
1659 1187 1811 1255 quod
1854 1186 1950 1241 lex
1991 1186 2239 1242 subinde
2270 1200 2396 1256 per·

147 1276 400 1331 miserit:
422 1277 512 1330 sin
537 1277 796 1338 libertas,
821 1276 965 1330 nihil
993 1275 1105 1330 erit
1132 1275 1418 1338 illicitum,
1444 1275 1554 1331 nisi
1580 1277 1731 1346 quod
1756 1279 1956 1345 postea
1978 1276 2115 1345 lege
2138 1274 2393 1331 vetitum

146 1365 350 1419 fuerit:
389 1365 554 1435 atqui
599 1365 654 1419 id
698 1365 925 1419 licitum
967 1365 1357 1432 intelligimus
1399 1365 1553 1434 quod
1598 1365 1693 1419 lex
1736 1380 1851 1419 non
1893 1367 2074 1428 vetat,
2121 1365 2399 1421 illicitum

146 1455 299 1526 quod
341 1455 438 1508 lex
479 1455 747 1524 prohibet
792 1455 844 1523 (ἓ
885 1455 1012 1515 257,
1054 1453 1127 1524 7).
1171 1454 1325 1522 Ergo
1366 1457 1477 1508 etc.
1520 1453 1670 1509 Sane
1717 1454 2070 1509 Tutioristae
2112 1454 2394 1514 fatentur.

59 1549 66 1554 “
149 1544 680 1613 promulgationem
736 1543 888 1610 legis
933 1542 1329 1597 necessariam
1371 1557 1500 1597 esse
1544 1544 1608 1596 ut
1656 1542 1753 1597 lex
1799 1542 2052 1611 obliget;
2097 1557 2398 1613 quorsum,

145 1635 193 1688 si
235 1649 307 1688 ea
349 1639 577 1687 tantum
620 1647 772 1702 quae
805 1634 899 1686 lex
943 1631 1235 1701 permittit
1272 1631 1435 1685 licita
1477 1634 1612 1685 sunt
1643 1630 1796 1702 <31)2
1823 1631 2062 1695 Paucis:
2093 1631 2192 1686 lex
2221 1630 2392 1700 ligat,

143 1740 221 1779 an
259 1723 466 1777 solvit?
495 1726 727 1777 coercet
757 1722 1110 1782 libertatem,
1139 1736 1215 1774 an
1263 1721 1411 1788 parit
1430 1719 1452 1774 2
1474 1721 1528 1775 Si
1573 1724 1803 1776 coercet
1832 1719 1988 1791 (nam
2022 1721 2154 1791 quis
2184 1706 2394 1790 parere
2463 1728 2466 1730 ’

148 1828 276 1869 eam
320 1810 591 1883 dixerit2)
626 1828 770 1880 ergo
813 1811 1100 1881 posterior
1141 1826 1212 1864 ea
1255 1814 1363 1865 est.
2538 1801 2548 1813 ⁴

220 1903 348 1956 262.
381 1903 487 1956 Sed
534 1917 644 1956 non
688 1902 818 1955 ideo
859 1901 1104 1955 libertas
1135 1901 1192 1953 in
1223 1900 1492 1955 omnibus
1522 1902 1870 1969 possessoris
1913 1901 2210 1957 commodo
2253 1899 2394 1955 fun-

145 1993 327 2063 gitur.
359 1993 595 2046 Scilicet
626 1993 736 2045 hae
767 2007 898 2045 cum
930 1991 1128 2059 primis
1163 1989 1543 2059 quaestiones
1574 1991 1791 2045 moveri
1823 1993 2091 2060 possunt:
2122 1989 2173 2044 1⁰
2197 1991 2396 2045 utrum

146 2082 244 2138 lex
274 2085 463 2137 extet:
494 2082 541 2136 si
574 2084 755 2143 extat,
780 2082 836 2135 2⁰
865 2081 1104 2150 quinam
1136 2081 1210 2134 sit
1242 2079 1395 2148 legis
1423 2095 1632 2134 sensus
1661 2083 1720 2133 et
1750 2079 2184 2148 intelligentia:
2209 2080 2395 2149 atque

147 2172 295 2233 ide0,
321 2175 514 2225 utrum
547 2171 711 2232 forte,
738 2170 796 2223 in
826 2185 889 2223 re
922 2170 1217 2239 praesenti
1248 2169 1304 2223 3⁰
1337 2169 1730 2231 extensivam,
1752 2184 1828 2223 an
1853 2185 1927 2224 ex
1956 2169 2187 2223 diverso
2217 2167 2274 2222 4⁰
2303 2182 2395 2223 re-

146 2261 474 2316 strictivam
498 2260 1045 2329 interpretationem
1070 2260 1338 2328 recipiat:
1363 2256 1422 2312 5⁰
1450 2263 1644 2312 utrum
1666 2259 1744 2311 sit
1758 2260 1950 2327 justa:
1978 2261 2174 2313 utrum
2192 2256 2250 2312 6⁰
2272 2271 2394 2312 ces·

146 2351 386 2405 saverit.
412 2352 482 2404 Et
515 2349 992 2420 quandoquidem
1023 2349 1118 2404 lex
1150 2365 1262 2402 non
1294 2348 1655 2416 intelligitur
1678 2348 1787 2401 nisi
1819 2347 1997 2402 fuerit
2033 2346 2396 2401 sufficienter

146 2441 539 2509 promulgata,
571 2455 679 2494 nec
709 2439 1073 2493 sufficienter
1106 2439 1487 2506 promulgata,
1514 2438 1623 2491 nisi
1656 2438 1835 2492 fuerit
1868 2445 2006 2491 certa
2035 2444 2083 2491 et
2112 2438 2396 2503 manifesta

147 2530 358 2599 (§162,
406 2526 525 2599 19);
571 2529 849 2597 quamdin
889 2528 1025 2582 talis
1069 2543 1183 2581 non
1228 2527 1425 2589 fuerit,
1471 2527 1714 2581 libertas
1756 2527 1815 2580 in
1858 2525 2222 2595 possessione
2265 2526 2396 2587 est:

147 2623 329 2689 atque
380 2619 508 2672 ideo
561 2635 657 2687 pro
707 2619 984 2671 libertate
1029 2633 1159 2671 cum
1203 2616 1608 2670 Probabilistis
1657 2615 2127 2684 respondendum
2167 2613 2282 2668 erit
2333 2612 2399 2668 in

1322 2803 1413 2847 per
1446 2794 1718 2848 quemdam
1741 2796 1986 2837 conatum
2010 2793 2298 2837 voluntatis
2323 2789 2398 2836 di·

1324 2862 1566 2916 mederet,
1587 2866 1636 2906 et
1659 2866 1834 2907 contra
1857 2874 2004 2907 suam
2029 2861 2397 2907 conscientiam

1325 2935 1517 2990 ageret3
1553 2932 1634 2977 cui
1669 2933 1878 2991 proinde
1915 2935 2058 2991 aptat
2089 2930 2218 2977 illud
2253 2933 2394 2991 Apo-

152 2808 351 2857 quoque
364 2794 697 2855 judicandam
719 2805 828 2838 esse
850 2795 1002 2842 retur,
1015 2795 1223 2849 quando

155 2872 302 2912 treva
334 2880 445 2912 una
474 2868 689 2923 rapione
711 2866 1044 2916 convincente,
1068 2866 1155 2908 che
1177 2865 1223 2906 si

152 2949 344 2994 oppone
366 2939 478 2981 alla
513 2935 718 2989 liberta,
741 2946 766 2980 e
797 2937 958 2979 etima
980 2936 1068 2978 che
1089 2947 1123 2978 a
1147 2936 1223 2978 tal

141 3012 364 3065 sapione
395 3021 498 3053 non
524 3020 683 3064 possa
708 3008 859 3052 dar-si
879 3007 1222 3051 mora2›nente

149 3081 407 3133 adequata
442 3080 667 3134 ris-posta
701 3077 755 3122 (Β
802 3076 951 3135 Α1ρ11.
983 3076 1222 3122 Dell'Uso

151 3151 338 3193 moder.
358 3151 475 3192 dell’
489 3150 624 3205 opin.
647 3149 857 3193 Probab.
880 3147 1001 3205 Cap.
1021 3147 1063 3202 5,
1081 3159 1129 3192 n.
1150 3146 1220 3190 26.

149 3218 229 3264 La
252 3218 467 3262 Scienza
501 3231 525 3263 e
558 3223 609 3264 la
635 3221 778 3269 Fede,
812 3219 841 3263 l.
878 3231 919 3263 c.
954 3231 1065 3276 pag.
1105 3217 1222 3273 198).

153 3287 284 3334 Sane
317 3288 440 3347 ejus,
466 3291 550 3347 qui
579 3289 866 3334 adversario
891 3302 984 3333 suo
1008 3301 1219 3346 respon·

152 3358 269 3404 dere
303 3371 402 3403 non
438 3364 622 3417 potest,
654 3360 919 3417 desperata
942 3371 1096 3404 causa
1130 3361 1220 3402 est.

153 3429 313 3474 Heinc
346 3429 394 3475 S.
422 3428 621 3480 Doctor,
656 3443 751 3474 non
786 3429 847 3473 de
882 3430 1066 3488 quavis
1101 3441 1216 3487 pro·

156 3498 418 3545 habilitate
450 3498 672 3550 disserit,
698 3500 785 3543 sed
822 3499 882 3543 de
909 3513 967 3544 ea
991 3511 1120 3558 quae
1143 3501 1221 3543 in-

153 3570 374 3615 tellectui
406 3567 722 3628 (judicantis)
761 3571 949 3614 diserte
971 3572 1224 3625 apparet,-

147 3641 203 3684 et
237 3639 296 3684 de
330 3651 386 3683 eo
421 3637 664 3697 loquitur,
697 3638 853 3696 quisi
880 3638 941 3683 ab
974 3638 1068 3684 hac
1102 3652 1218 3696 pro-

151 3708 415 3755 habilitate
439 3708 735 3759 discederet,
762 3722 789 3752 a
812 3710 1012 3767 proprio
1028 3710 1223 3768 judicio

1325 3003 1442 3048 stoli
1469 3003 1611 3049 Rom.
1640 3004 1709 3057 14,
1733 3003 1805 3056 23,
1829 3006 1964 3060 quod
1986 3015 2090 3048 non
2109 3008 2183 3047 est
2208 3014 2274 3049 eoe
2298 3002 2397 3062 fide

1322 3077 1588 3130 peccatum
1611 3078 1687 3120 est
1702 3072 1768 3130 (S.
1791 3072 1939 3132 Alph.
1961 3072 1996 3126 Ι,
2018 3073 2089 3117 55.
2110 3072 2244 3118 Edit.
2266 3073 2403 3118 1767.-

1322 3143 1379 3187 In
1413 3156 1613 3188 summa
1646 3143 1693 3188 S.
1725 3143 1781 3187 D.
1809 3143 2098 3202 opinionem
2121 3147 2259 3190 certo
2273 3153 2396 3200 pro·

1323 3217 1623 3260 habiliorem
1675 3215 1858 3273 accipit
1898 3215 2397 3270 probabilissimum.

1323 3285 1468 3339 Sane,
1511 3286 1555 3330 si
1590 3298 1687 3330 non
1724 3286 1786 3330 ad
1822 3283 1954 3329 hanc
1995 3284 2252 3343 pertingit,
2293 3295 2395 3330 non

1270 3368 1272 3380 *
1323 3362 1457 3401 caret
1478 3355 1631 3402 dubio
1657 3356 1896 3415 practico,
1920 3357 2070 3413 atque
2093 3353 2205 3399 ideo
2229 3353 2277 3400 S.
2298 3353 2394 3400 Do-

1323 3428 1450 3472 ctori
1485 3427 1633 3486 objici
1668 3428 1838 3485 posset
1872 3425 2007 3485 quod
2041 3425 2150 3484 ipse
2184 3436 2284 3486 non
2316 3435 2396 3470 se-

1326 3498 1422 3542 mel
1439 3497 1609 3557 objicit
1624 3495 2070 3550 Probabilioristis;
2088 3507 2267 3553 nempe
2282 3506 2396 3539 sen-

1322 3568 1552 3623 tentiam,
1586 3567 1681 3612 etsi
1706 3569 1841 3611 certo
1866 3563 2269 3624 probabiliorem,
2291 3575 2393 3609 non

1322 3651 1488 3684 carere
1530 3637 1752 3698 periculo
1786 3634 2026 3695 peccandi
2058 3632 2350 3680 formaliter.

1383 3709 1435 3752 31
1473 3707 1523 3754 s.
1556 3706 1707 3767 Alph.
1739 3706 1777 3758 1,
1809 3706 1884 3752 77.
1916 3704 1970 3749 v,
1995 3705 2148 3762 Eryo.
