2548 4042
129 19 227 77 168
538 34 663 74 rias
697 32 851 72 mun
870 42 897 58 -
918 15 1339 73 ι’»ιιοιιαοιικι-
1352 15 1534 72 ratur
1558 10 1743 74 uto:
1744 29 1784 70 ι.
1785 0 2062 80 ὄῦὖ
1998 0 2058 43 '³²³‘
2086 12 2202 45 ³
2263 40 2370 71 ,.

123 122 396 175 niventiae.
424 116 610 173 Primi
653 115 836 179 modo,
874 113 1092 180 verius,
1119 113 1411 171 decennio
1442 107 1589 187 (23);
1620 107 1924 198 posteriori
1940 93 2193 183 citidffi'ss·
2226 140 2251 156 ⁶
2295 91 2323 183 ἶ,
2365 94 2422 187 ”,
2521 175 2523 179 ,

123 210 379 265 matione
438 205 571 262 boni
621 204 733 260 viri
785 202 923 278 (24).
971 203 1044 259 Et
1097 203 1332 275 quaudo
1382 193 1697 275 utrumque
1746 202 1959 261 nititur
1997 203 2521 282 legislator-iem.

121 298 449 360 voluntate,
491 294 637 350 illud
678 308 792 348 non
834 293 1156 364 quaeritur,
1202 294 1398 348 utrum
1428 293 1790 349 consuetudo
1818 293 1997 350 fuerit
2026 277 2517 376 intr011uctatfl,

124 389 274 442 bona
315 386 444 447 fide,
486 400 561 439 an
606 384 759 439 mala
785 382 916 455 (25).
945 381 1218 438 Ceterum
1257 382 1306 438 si
1348 381 1669 446 dubitetur,
1710 386 1909 439 utrum
1951 384 2049 440 lex
2077 386 2372 462 abrogata·
2527 422 2529 425 .

124 476 319 539 suerit,
361 475 456 530 vel
491 477 685 529 utrum
714 473 845 527 finis
874 473 1002 543 ejus
1030 471 1354 527 cessaverit
1381 471 1734 543 adaequate,
1757 472 1854 527 vei
1883 473 2116 548 demum
2138 489 2212 530 an
2239 476 2366 546 ipsa

122 564 494 627 obsoleverit,
526 578 758 633 semper
789 577 888 633 pro
916 562 1051 631 lege
1083 561 1547 631 respondendum
1580 561 1745 626 foret,
1775 562 1912 633 quia
1948 563 2043 620 lex
2086 565 2362 635 possidetz

125 653 505 709 nihilominus
559 652 616 706 iu
656 651 836 707 dubio
879 651 1139 722 positivO,
1181 650 1230 705 si
1275 666 1415 706 vere
1467 651 1764 721 probabile
1805 652 1901 716 sit,
1944 653 2140 723 legem
2200 656 2377 712 abro-⁴

121 745 339 814 gatam,
383 740 479 797 vel
520 742 816 796 contraria
856 740 1284 796 cousuetudine
1327 739 1584 795 deletam
1627 740 1824 805 fuisse,
1870 742 1966 798 vel
2012 744 2187 799 finem
2238 745 2368 816 ejus

121 847 356 904 prorsus
397 846 677 894 cessasse,
729 830 927 901 plures
978 832 1203 893 tenent,
1247 829 1305 883 in
1349 828 1440 884 his
1489 830 1541 884 S.
1588 829 1773 900 Alph.,
1818 845 1919 900 pro
1958 830 2237 890 libertate
2277 847 2368 891 re-

121 922 524 994 spondendum
566 936 695 976 esse
741 919 872 993 (26).
2492 981 2494 987 ,
2531 967 2548 991 ,ε

200 1009 323 1068 182.
348 1013 423 1067 At
454 1027 608 1074 vere,
640 1010 751 1066 etsi
783 1024 976 1080 neque
1007 1009 1104 1063 lex
1145 1011 1357 1072 cesset,
1387 1023 1580 1079 neque
1614 1009 1764 1078 legis
1804 1010 2109 1080 obligatiO,
2150 1011 2237 1068 fas
2277 1013 2370 1069 est
2430 1012 2433 1014 ’
2519 1012 2544 1089 '‚

121 1118 187 1159 se
230 1102 488 1158 eximere
532 1100 651 1169 legi
682 1099 763 1171 (et
791 1115 905 1153 non
935 1100 1169 1154 tantum
1199 1098 1352 1166 legis
1381 1098 1743 1167 obligationi,
1775 1115 1928 1169 quae
1975 1101 2090 1156 duo
2115 1102 2369 1160 maxime

118 1209 176 1246 v.
203 1194 241 1262 g
275 1190 398 1255 177,
426 1190 685 1261 distant),
715 1191 820 1244 aut
861 1205 924 1244 se
969 1188 1025 1242 in
1069 1203 1202 1243 eum
1243 1194 1439 1242 statum
1469 1188 1879 1243 transferendo
1911 1188 1984 1260 (v.
2016 1205 2065 1245 c.
2095 1193 2369 1262 suscepto

121 1282 320 1353 aliquo
360 1295 605 1336 munere
650 1278 898 1350 publico)
943 1277 1039 1348 qui
1083 1293 1120 1332 a
1161 1278 1295 1346 lege
1340 1278 1766 1333 immunitatem
1814 1282 2099 1349 praestat;
2140 1284 2247 1336 aut
2285 1281 2371 1338 di-

122 1370 436 1434 scedeud0‚
460 1370 555 1425 vel
579 1370 650 1423 ad
675 1371 924 1437 tempuS‚
949 1368 1007 1421 in
1039 1383 1173 1422 eum
1196 1370 1363 1420 locum
1389 1366 1447 1420 in
1472 1382 1587 1437 quo
1617 1383 1689 1423 ea
1716 1366 1814 1422 lex
1846 1384 1955 1423 non
1988 1370 2217 1427 obtinet
2237 1370 2369 1442 (27).

120 1461 381 1523 Scilicet,
426 1460 523 1515 lex
563 1458 790 1527 obligat
832 1457 1098 1511 subditos
1121 1456 1398 1526 quamdiu
1430 1457 1645 1511 subditi
1687 1460 1842 1520 sunt,
1886 1460 1953 1514 ut
1992 1460 2207 1515 subditi
2250 1475 2371 1516 ma-

121 1553 306 1607 neant
345 1565 460 1604 non
500 1548 725 1617 obligat
770 1546 907 1618 (28):
952 1547 1011 1601 et
1053 1561 1128 1601 ne
1169 1545 1285 1600 alio
1318 1545 1639 1609 discedant,
1670 1546 1838 1617 quasi
1866 1548 2266 1619 adscriptitiis,
2296 1551 2372 1608 ne'

180 1719 240 1764 23
264 1719 407 1766 Suar.
426 1718 534 1772 VII,
559 1719 627 1773 15,
644 1718 698 1772 53
730 1718 795 1771 18,
827 1717 892 1763 12.
917 1715 965 1764 S.
986 1715 1134 1776 Alph.
1158 1715 1195 1771 Ι,

127 1791 224 1845 107,
257 1790 354 1836 139.
378 1790 517 1836 Less.
544 1789 605 1844 ΙΙ,
630 1791 673 1844 6,
696 1789 768 1835 46.
792 1787 935 1846 Lugo
959 1787 1034 1834 De
1065 1788 1196 1832 Just.

120 1860 229 1914 VII,
252 1863 327 1907 94.
357 1860 543 1905 Pirhin.
569 1859 604 1913 1,
629 1861 673 1914 4,
701 1859 775 1904 39:
807 1858 945 1904 Reiff.
971 1858 1007 1912 Ι,
1032 1859 1074 1913 4,
1100 1859 1198 1904 105.

126 1930 438 1985 Schmalz.1,
463 1932 506 1986 4,
540 1931 613 1976 20.
646 1931 712 1975 Et
745 1931 796 1976 in
831 1931 958 1976 lianc
987 1932 1193 1974 senten-

122 2003 251 2050 tiam
295 2002 506 2048 inclinat
550 2002 627 2048 vel
671 2003 779 2061 ipse
819 2001 938 2047 Ben.
975 1999 1089 2045 XIV
1124 2001 1197 2046 De

125 2075 245 2132 Syn.
264 2072 404 2126 XIII,
430 2074 476 2128 5,
497 2076 540 2130 4,
564 2075 710 2132 quasi
736 2073 980 2117 veriorem
1005 2084 1065 2116 ex
1083 2071 1197 2130 Jure

120 2145 379 2191 communi
398 2144 494 2193 (Ex
515 2148 602 2189 tot.
624 2144 719 2188 Tit.
737 2142 788 2190 C.
817 2143 959 2191 Quae
977 2145 1047 2186 sic
1064 2144 1195 2198 low.

120 2219 344 2262 consuet.
368 2214 423 2261 L.
454 2215 506 2259 10
525 2215 581 2259 Si
612 2216 785 2261 servit.
831 2215 1065 2265 Vindia).
1099 2212 1196 2269 Qui

121 2290 293 2331 autem
337 2286 553 2345 exigunt
597 2298 674 2330 an.
724 2285 783 2329 40
826 2298 887 2329 ex
932 2285 983 2333 C.
1027 2283 1079 2328 21
1125 2284 1198 2330 De

122 2357 378 2411 Consuet„
419 2355 844 2402 consuetudinem
888 2369 1002 2401 cum
1044 2368 1192 2415 prae-

120 2428 394 2487 scriptione
428 2426 768 2483 confundunt;
807 2426 942 2486 quod
981 2428 1059 2471 vel
1096 2426 1195 2484 ipsi

121 2498 358 2545 Suaresio
390 2498 491 2550 Vll,
521 2500 586 2552 18,
613 2501 683 2552 24,
710 2498 887 2543 merito
919 2496 1195 2556 displicuit.

120 2568 192 2617 Cf.
227 2568 367 2614 Less.
402 2583 447 2613 ii.
484 2570 556 2614 46.

178 2640 237 2685 24
261 2638 400 2685 Less.
426 2639 489 2692 11,
512 2638 594 2691 VI,
621 2640 691 2684 45.
717 2640 862 2686 Suar.
885 2638 992 2693 VII,
1019 2639 1088 2693 18,
1125 2639 1193 2683 17.

121 2710 263 2757 Reiff.
288 2709 325 2764 1,
348 2709 431 2763 IV,
450 2711 523 2756 95.
546 2710 622 2755 Ex
647 2710 699 2756 C.
719 2712 747 2754 3
766 2712 840 2756 De
864 2711 1069 2765 Coynac.
1094 2711 1195 2765 spi-

118 2784 205 2827 rit.
231 2781 294 2825 Et
315 2781 484 2826 innuit
509 2780 565 2824 D.
591 2781 709 2825 Tho.
743 2782 778 2832 l,
802 2781 842 2832 2,
877 2782 951 2833 97,
980 2781 1021 2832 3,
1056 2780 1118 2824 ad
1155 2779 1197 2825 3.

121 2851 186 2896 Et
231 2852 275 2898 si
318 2864 449 2897 nova
481 2850 563 2896 lex
599 2865 627 2896 a
660 2851 879 2897 subditis
913 2865 1011 2896 non
1045 2850 1196 2895 fuerit

117 2926 321 2982 recepta
356 2922 430 2978 (V.
469 2924 495 2981 ἓ
531 2923 639 2980 203)
681 2926 849 2969 cessat
884 2925 1041 2970 etiam
1082 2927 1198 2979 post

110 3005 315 3048 paucos
344 2999 496 3039 actus
519 2994 717 3051 (Bened.
743 2992 872 3039 XIV.
899 2995 973 3041 De
1000 2995 1196 3051 Synodo

122 3062 257 3114 XIII,
292 3066 333 3117 5,
364 3065 425 3121 3).

182 3134 240 3178 25
260 3135 399 3180 Suar.
422 3136 527 3189 VII,
557 3138 624 3191 18,
642 3138 716 3184 24.
736 3136 941 3183 Salmat.
964 3136 1046 3187 XI,
1061 3137 1103 3189 6,
1127 3136 1194 3181 12.

123 3203 312 3250 Verum
337 3207 538 3263 quando
563 3207 900 3252 introducitur
927 3206 1059 3251 mala
1082 3206 1196 3261 fide,

121 3274 267 3320 initio
304 3289 477 3320 omnes
518 3281 739 3335 peccant,
776 3281 825 3322 et
863 3278 1034 3337 puniri
1072 3290 1192 3335 pos-

121 3348 267 3399 sunt3
291 3347 406 3390 etsi
431 3359 591 3404 poena
622 3351 699 3392 est
733 3348 864 3393 latae
898 3349 1193 3402 sententiae,

124 3417 234 3474 ipso
262 3416 375 3474 jure
401 3429 509 3462 eam
534 3418 795 3462 incurrunt
816 3418 979 3474 (Suar.
997 3417 1102 3470 VII,
1129 3418 1193 3473 19,

128 3487 224 3545 10):
250 3490 366 3546 post
390 3487 620 3546 elapsum
656 3487 952 3533 decennium
989 3493 1038 3532 et
1070 3502 1190 3547 poe·

123 3570 229 3610 nae,
254 3561 304 3601 et
329 3557 511 3616 culpae
546 3561 667 3602 sunt
692 3562 923 3616 expertes
950 3559 1015 3604 «S.
1043 3559 1193 3617 Alph.

122 3627 158 3680 Ι,
189 3628 294 3681 107;
317 3629 392 3678 II):
417 3627 580 3673 medio
616 3631 836 3686 tempore
871 3628 1024 3675 Salm.
1047 3643 1093 3673 n.
1127 3631 1192 3683 13,

123 3696 238 3757 ibiq.
258 3698 412 3757 Cajet.
433 3698 551 3744 Soto
572 3697 745 3756 Laym.
767 3698 868 3743 Pal.
896 3703 944 3743 et
969 3699 1017 3747 S.
1041 3699 1194 3759 Alph.

1298 1715 1330 1762 l.
1354 1730 1413 1770 c.,
1435 1715 1615 1763 docent
1646 1731 1744 1763 non
1780 1731 1984 1777 peccare
2018 1732 2103 1765 eos
2135 1718 2368 1780 qui'con-

1299 1788 1622 1833 suetudinem
1649 1792 1822 1835 contra
1843 1788 2005 1847 legem
2029 1793 2315 1850 sequuntur
2337 1802 2368 1837 a

1301 1860 1474 1918 majori
1509 1863 1649 1918 parte
1682 1858 2038 1906 introductam.

1359 1930 1417 1973 26
1451 1929 1496 1975 S.
1531 1929 1679 1989 Alph.
1716 1929 1799 1983 Ill,
1829 1931 1931 1984 2290,
1956 1931 2007 1976 in
2030 1930 2115 1978 fin.
2146 1931 2363 1981 Quando

1296 2002 1557 2058 probabile
1576 2005 1798 2059 estquod
1817 2004 1906 2048 lem
1923 2003 2119 2047 abolita
2141 2003 2224 2059 sit,
2252 2015 2363 2050 ces·

1298 2077 1384 2118 sac
1409 2073 1770 2129 praesumptio
1791 2085 1891 2129 pro
1926 2075 2033 2129 leae
2066 2077 2115 2120 et
2138 2074 2369 2130 possidet

1294 2145 1515 2202 *libertas
1555 2143 1623 2198 (S.
1668 2143 1814 2202 Alph.
1863 2144 1962 2198 112,
2003 2157 2051 2190 v.
2088 2142 2362 2203 Secunda).

1298 2213 1423 2259 Item
1461 2214 1510 2258 in
1546 2214 1698 2259 dubio
1731 2213 1792 2259 de
1817 2214 2183 2260 consuetudine
2214 2213 2362 2263 dero-

1298 2287 1450 2343 gante
1469 2284 1583 2343 legi,
1603 2287 1650 2328 si
1667 2287 1933 2340 probabile
1949 2287 2021 2330 sit
2036 2287 2219 2332 adesse
2238 2297 2364 2333 con-

1298 2359 1639 2402 suetudinem.
1662 2357 1726 2399 Et
1743 2357 1949 2414 sufficit,
1971 2360 2032 2401 ut
2051 2357 2235 2402 dicunt
2254 2355 2369 2403 Sal·

1299 2431 1445 2481 mat„
1480 2428 1676 2472 dictum
1714 2430 1875 2472 unius
1907 2427 2142 2472 Doctoris
2179 2427 2370 2475 eximii

1298 2499 1388 2556 qui
1404 2500 1827 2544 consuetudinem
1840 2498 2064 2554 afferat(
2070 2498 2152 2544 cit.
2167 2511 2214 2543 n.
2234 2498 2368 2555 290„

1299 2571 1379 2616 vel
1410 2570 1695 2616 asserentis
1719 2571 1878 2625 leqem
1901 2571 2208 2628 abroqatam
2238 2581 2365 2624 esse,

1297 2646 1355 2685 uc
1388 2653 1422 2684 a
1458 2642 1563 2696 Zeoe
1594 2641 1940 2695 deobliyemur
1968 2639 2050 2690 (Id.
2075 2639 2181 2686 Lib.
2207 2642 2236 2695 Ι,
2267 2639 2371 2696 107,

1299 2709 1366 2764 11;
1403 2724 1446 2755 v.
1473 2714 1546 2755 An
1579 2712 1731 2767 vero).
1758 2712 1826 2755 At
1858 2712 1990 2756 enim
2027 2710 2111 2758 88.
2138 2712 2363 2772 Congre-

1297 2781 1528 2839 gationes
1551 2779 1701 2826 Urbis
1730 2794 1828 2825 non
1854 2781 2135 2827 admittunt
2156 2794 2368 2828 consue-

1299 2851 1503 2896 tudines
1553 2855 1724 2896 contra
1772 2851 1860 2897 88.
1891 2852 2138 2906 Canones,
2178 2851 2366 2912 quibus

1298 2936 1475 2981 nempe
1500 2922 1704 2967 tuendis
1731 2923 1870 2982 ipsae
1898 2924 2208 2968 constitutae
2229 2925 2366 2970 sunt.

1299 2993 1734 3051 (Rigant.AdRe9.
1758 2991 2215 3047 Cane.1‚§V111,n.
2241 2993 2363 3052 152);

1298 3065 1398 3109 nisi
1444 3064 1751 3109 inveteratas
1795 3077 2022 3122 prorsus,
2064 3067 2114 3108 et
2155 3064 2363 3110 univer·

1299 3134 1451 3180 sales:
1488 3133 1622 3194 quod
1658 3133 1808 3179 velim
1844 3148 1904 3178 ne
1938 3133 2154 3180 excidat.

1357 3205 1415 3249 27
1434 3206 1509 3250 Ex
1539 3205 1587 3249 L.
1620 3207 1673 3249 Si
1694 3207 1809 3263 quis
1826 3209 2007 3262 postea
2037 3206 2084 3250 7.
2104 3207 2180 3252 De
2203 3207 2365 3256 ludio.

1298 3281 1344 3323 et
1359 3278 1446 3322 ubi
1462 3278 1589 3334 quis.
1610 3276 1762 3322 Salm.
1783 3275 1865 3330 XI,
1882 3272 2063 3330 11,‘158.
2082 3275 2130 3322 S.
2150 3275 2302 3336 Alph.
2324 3276 2363 3332 1,

1303 3347 1401 3398 156,
1429 3362 1472 3392 v.
1496 3350 1612 3393 Non
1625 3362 1646 3399 ‚·
1671 3347 1756 3403 111,
1799 3348 1923 3392 1046.

1357 3419 1415 3461 28
1441 3417 1638 3464 Balleri.
1671 3418 1733 3463 ad
1768 3418 1910 3476 Gury
1943 3417 1979 3471 1,
2017 3417 2115 3466 110.
2148 3417 2365 3467 Proinde

1297 3489 1428 3540 licet,
1449 3502 1473 3534 e
1493 3503 1547 3543 c.,
1567 3489 1866 3534 beneficium
1885 3492 2052 3548 petere
2070 3489 2120 3533 in
2139 3488 2366 3536 Ecclesia

1295 3561 1351 3606 R.
1371 3559 1420 3604 P.
1444 3559 1735 3604 immediate
1753 3559 1995 3618 subJecta,
2010 3572 2107 3619 quo
2122 3560 2239 3618 quis
2257 3560 2364 3606 exi-

1296 3635 1461 3675 matur
1498 3630 1845 3690 jurisdictioni
1886 3628 2162 3684 Ordinarii3
2213 3629 2362 3689 quasi

1294 3700 1610 3746 domicilium
1632 3699 1729 3746 sibi
1762 3700 2068 3745 constituere
2089 3698 2143 3744 in
2165 3711 2221 3745 eo
2252 3698 2361 3747 loco
