2548 4042
206 76 276 134 86
613 97 739 135 rsus
774 97 927 136 rum
949 110 975 123 ·
997 98 1366 139 raottcouatu
1387 110 1410 125 ·
1430 98 1603 139 macr.
1625 99 1658 138 ι.
1683 99 1751 139 ns
1784 99 2023 140 sansonis

204 194 360 233 auno
396 180 471 234 ab
502 179 710 234 ultima
735 180 787 236 S.
819 181 1173 238 Visitatione
1202 183 1457 238 nondum
1484 183 1850 254 elapso;‚nec
1886 184 2091 242 literas
2129 185 2206 241 ad
2243 186 2477 245 tonsu·

204 282 347 329 ram,
377 268 470 322 vel
512 268 748 324 ordines
786 269 1145 326 dimissorias
1174 271 1500 328 concedere
1543 272 1694 327 infra
1731 287 1970 337 annum,
2020 275 2443 345 praeterquam

203 357 450 410 arctatis
488 356 627 426 (55);
660 372 767 413 nec
809 359 1096 414 beneficia
1134 360 1419 425 conferre,
1447 375 1553 415 seu
1593 376 1747 431 quae
1786 365 2003 418 vacant
2044 378 2234 419 vacua
2272 363 2437 427 Sede,

203 459 309 499 seu
327 460 480 515 quae
495 450 675 501 antea
692 452 1066 511 vacaverant;
1085 465 1228 504 exce
1236 450 1349 519 ptis
1371 450 1672 505 beneflciis
1692 452 2038 520 patronatus
2061 451 2288 508 laicalis
2305 450 2445 524 (56).

204 532 405 588 Cessat
433 539 631 589 autem
666 536 919 591 officium
952 538 1165 593 Vicarii
1198 539 1370 608 capit.
1402 539 1602 593 statim
1642 555 1712 594 ac
1743 555 1926 595 novus
1955 541 2272 612 Episcopus
2315 555 2442 612 pos·

206 623 523 678 sessionem
573 626 833 695 coeperit
861 627 998 698 (57);
1042 629 1142 683 sed
1185 628 1414 696 gratiae
1454 630 1529 682 ab
1572 628 1669 682 illo
1712 629 1903 685 sactae
1946 634 2190 686 manent
2234 644 2447 700 quam-

205 713 302 767 diu
345 715 419 766 ab
464 715 570 768 hoc
612 731 720 771 non
767 716 985 771 fuerint
1026 719 1340 772 revocatae
1380 716 1516 788 (58).
1559 717 1739 780 Quae,
1770 719 1818 772 si
1861 720 2029 789 quasi
2072 720 2441 774 contractum

206 803 513 858 continent
533 803 602 874 (c.
625 821 671 859 c.
704 806 915 861 electio
938 806 1396 878 praedicatoris),
1419 822 1491 861 ne
1515 807 1775 861 revocari
1800 807 2035 877 quidem
2058 809 2295 878 possunt
2312 805 2444 877 (59).

278 893 368 947 98.
397 891 729 958 Praeterea,
764 896 845 949 uti
891 895 948 949 in
992 899 1213 965 partem
1254 895 1668 951 sollicitudinis
1711 897 1775 951 R.
1809 897 1867 950 P.
1898 896 2090 951 vocati
2134 898 2272 952 sunt
2312 893 2447 965 Epi-

204 982 359 1052 scopi
394 982 531 1051 jure
586 984 801 1047 divin0‚
847 985 928 1039 ita
976 984 1034 1039 in
1078 988 1303 1053 partem
1344 984 1757 1041 sollicitudinis
1798 986 2210 1055 Episcoporum
2250 983 2445 1039 vocati

203 1076 343 1127 sunt
383 1073 615 1142 parochi
650 1075 787 1142 jure
817 1074 1114 1128 canonico,
1144 1074 1246 1128 His
1290 1073 1490 1146 igitur,
1520 1075 1687 1144 quasi
1735 1075 1971 1131 vicariis
2013 1074 2277 1145 Episcopi
2306 1069 2447 1145 (60),

265 1248 325 1293 55
358 1247 493 1294 Trid.
514 1248 607 1300 VII,
634 1249 690 1296 R.
719 1250 789 1293 10.
810 1251 1055 1296 Arctatus
1087 1250 1274 1296 dicitur

205 1318 368 1364 laicus
394 1322 752 1378 praesentatus
777 1320 839 1366 ad
865 1320 1162 1366 beneficium
1189 1333 1270 1366 ec-

205 1386 625 1441 clesiasticum,et
644 1390 858 1436 clericus
882 1391 986 1451 qui,
1006 1404 1068 1436 ex
1089 1390 1274 1451 adepto

206 1457 461 1513 beneficio,
485 1473 689 1505 necesse
714 1459 867 1507 habet
889 1461 1107 1520 aliquem
1133 1461 1271 1508 ordi-

203 1541 319 1575 nem
341 1530 600 1589 suscipere
623 1530 757 1576 intra
780 1535 985 1591 tempus
1004 1531 1274 1578 definitum

204 1599 284 1645 vel
318 1614 347 1646 a
372 1601 501 1660 jure,
525 1601 602 1646 vel
634 1616 662 1647 a
682 1601 1038 1648 fundationum
1067 1603 1274 1650 tabulis.

204 1670 263 1717 In
296 1685 448 1731 regno
481 1671 635 1733 Neap.
667 1678 887 1719 arctatos
919 1673 1026 1720 Vic.
1064 1687 1173 1733 cap.
1199 1673 1272 1720 di·

206 1742 420 1788 mittunt
442 1743 647 1802 quidem
673 1743 736 1789 ad
759 1744 962 1790 ordines
987 1745 1276 1804 suscipien-

206 1812 298 1858 dos
327 1813 404 1859 vel
431 1813 558 1859 infra
584 1827 788 1868 annum,
814 1814 903 1860 sed
927 1814 988 1860 de
1023 1828 1275 1861 consensu

205 1884 340 1943 pleni
366 1884 614 1943 Capituli;
636 1899 732 1930 non
752 1890 973 1931 arctatos
991 1890 1159 1931 autem
1185 1898 1276 1931 nec

204 1960 323 2014 post
355 1968 560 2005 annum,
593 1956 692 2002 nisi
728 1956 789 2001 de
822 1956 871 2003 S.
905 1957 957 2005 C.
993 1957 1044 2003 C.
1070 1955 1278 2002 licentia

207 2025 464 2081 &concord
489 2026 669 2073 Bened.
697 2041 773 2073 an.
806 2029 931 2072 1741.
956 2029 1078 2088 Cap,
1103 2027 1201 2078 VI).

267 2096 328 2141 56
359 2098 411 2144 C.
447 2097 475 2140 2
509 2099 583 2144 De
614 2098 742 2145 Sede
775 2104 1008 2145 vacante.
1047 2100 1199 2158 Regg.
1235 2098 1277 2151 2,

212 2167 281 2213 ll.
316 2169 465 2214 Cane.
501 2171 671 2225 Aposc.
700 2168 780 2215 Ad
815 2170 933 2216 llaec
968 2170 1195 2229 Fagnan.
1225 2170 1277 2215 in

209 2238 263 2286 C.
285 2237 626 2295 &unifica-sti,
657 2253 705 2285 n.
738 2240 766 2283 3
800 2242 874 2286 De
902 2241 950 2285 Ο.
983 2243 1196 2286 Archid.
1230 2244 1279 2285 et

207 2308 345 2354 Reiff
368 2309 432 2355 ΙΙΙ,
453 2310 496 2362 9,
514 2311 588 2363 76,
606 2309 701 2354 rati
727 2315 863 2362 sunt,
883 2309 987 2357 Vic.
1003 2311 1166 2370 Capit.
1188 2324 1278 2357 nec

209 2379 386 2424 literas
420 2379 675 2431 formatas,
698 2393 788 2426 seu
816 2384 1158 2436 dimissorias,
1184 2382 1280 2427 cle-

207 2450 328 2495 ricis
376 2451 493 2493 dare
537 2464 698 2509 posse,
746 2455 804 2496 ut
848 2466 874 2497 e
917 2466 1011 2499 sua
1058 2451 1276 2498 dioecesi

210 2519 345 2567 abire
381 2520 595 2574 valeant,
630 2525 679 2566 et
713 2523 765 2567 in
792 2523 941 2568 aliam
968 2523 1189 2581 cooptari
1216 2536 1277 2568 ex

208 2590 262 2640 C.
297 2592 325 2635 5
369 2595 436 2637 De
478 2592 653 2637 Cleric.
688 2606 792 2639 non
829 2597 983 2640 resid.
1028 2594 1125 2640 Sed
1162 2594 1279 2654 jura

210 2674 338 2720 quae
370 2661 597 2712 laudant,
629 2662 729 2707 huc
762 2677 860 2708 non
897 2665 1163 2723 pertinent.

268 2732 326 2776 57
363 2733 545 2778 March.
580 2734 652 2780 De
688 2735 780 2780 Vic.
803 2734 922 2794 Cap.
949 2735 1021 2787 35,
1046 2749 1074 2780 a
1100 2748 1145 2779 n.
1182 2736 1215 2778 l.

267 2805 327 2848 58
349 2804 515 2850 Sanch
556 2804 617 2848 M.
640 2804 751 2855 VIII,
776 2805 847 2859 28,
873 2818 953 2849 nn.
980 2806 1051 2855 83,
1073 2805 1144 2848 85.
1164 2805 1218 2848 V.
1239 2819 1276 2850 c.

211 2875 386 2920 literas
405 2874 721 2921 dimissorias
741 2875 804 2921 ad
824 2875 1024 2921 ordines
1044 2875 1113 2934 (S.
1129 2875 1278 2936 Alph.

213 2944 287 2997 VI,
321 2946 449 3004 787).

272 3018 330 3059 59
354 3016 539 3062 March.
565 3030 612 3063 n.
635 3018 708 3070 25,
733 3031 793 3062 ex
821 3018 868 3063 S.
894 3018 933 3065 C
968 3017 1091 3078 Epp.
1118 3018 1170 3061 15
1186 3018 1280 3062 De-

213 3099 334 3132 cem.
388 3089 511 3131 1587.
551 3088 700 3133 Porro
748 3089 985 3148 Episcopi
1038 3092 1281 3134 vocantur

213 3169 412 3215 quoque
439 3159 726 3211 ordinarii,
757 3159 846 3204 sed
874 3173 1053 3205 nomen
1071 3158 1280 3206 Ordina-

216 3227 278 3271 rii
296 3229 527 3285 generale
552 3233 643 3282 est,
664 3242 818 3287 eoque
839 3233 887 3274 et
911 3230 1215 3289 Episcopus,
1233 3231 1282 3274 et

218 3295 326 3341 Vic.
353 3298 462 3357 ejus
494 3312 621 3356 gen..
646 3303 695 3342 et
719 3299 822 3344 Vic.
849 3302 996 3359 capit.
1022 3301 1284 3346 continen-

215 3371 299 3412 tur
333 3368 537 3423 (Sarich.
574 3368 632 3412 M.
660 3370 727 3418 ΙΠ,
762 3370 835 3422 29,
859 3373 915 3426 4;
948 3371 1019 3415 De
1051 3371 1217 3415 Iustis.
1250 3371 1282 3424 1,

215 3440 275 3491 V,
306 3439 388 3490 17).
408 3438 739 3495 Quamobrem
762 3441 820 3489 si,
841 3454 884 3486 v.
908 3454 964 3494 c.,
990 3442 1029 3484 1¹·
1050 3441 1104 3487 R.
1125 3441 1173 3486 P.
1195 3441 1284 3487 ali-

213 3508 335 3566 quid
361 3508 678 3553 mandaverit
708 3511 994 3555 ordinario
1025 3511 1119 3556 loci
1154 3513 1219 3568 (v.
1243 3525 1282 3557 c.

215 3583 274 3622 ut
290 3578 458 3636 Srjurn
477 3592 504 3623 a
523 3581 752 3623 censuris
775 3580 1035 3634 absolvat),
1049 3585 1285 3639 poterunt

215 3647 266 3691 id
300 3653 559 3706 praestare
593 3662 683 3693 seu
717 3650 1018 3709 Episcopum
1053 3665 1142 3696 seu
1178 3651 1282 3697 Vic.

213 3729 340 3774 gen„
360 3722 470 3762 uter
488 3721 805 3777 praevenerit
823 3720 916 3774 (Ex
942 3721 992 3767 C.
1015 3721 1131 3767 8De
1154 3722 1204 3766 Ο.
1225 3722 1285 3767 D.

212 3787 269 3832 in
286 3790 348 3832 6⁰.
370 3787 607 3844 Sb1·oz.11,
630 3789 726 3845 105,
747 3791 815 3848 2);
841 3803 949 3847 seu,
966 3803 1126 3837 vacua
1142 3790 1283 3845 Sede,

1381 1249 1488 1297 Vic.
1511 1251 1658 1311 capit.
1681 1250 1772 1307 (De
1791 1251 1910 1298 lust.
1936 1265 1982 1297 n.
2016 1252 2081 1298 18.
2105 1252 2287 1300 Sanch.
2310 1265 2358 1298 n.
2381 1252 2447 1312 4).

1381 1323 1448 1367 At
1466 1323 1510 1368 si
1534 1322 1656 1383 quid
1682 1322 1996 1370 mandaverit
2018 1323 2283 1383 Episcopo,
2298 1335 2450 1383 expe-

1379 1392 1476 1438 diri
1505 1406 1602 1439 non
1637 1395 1824 1453 poterit
1856 1408 1885 1440 a
1918 1392 2023 1440 Vic.
2056 1407 2170 1454 gen.
2202 1392 2457 1450 Reiff.1v,·

1378 1461 1453 1517 21,
1496 1477 1607 1524 app.
1643 1465 1769 1523 298),
1813 1477 1873 1510 ne
1909 1464 2062 1525 jussu
2100 1463 2209 1524 Epi.
2241 1462 2451 1524 quidem

1380 1533 1473 1589 (De
1508 1534 1640 1580 Rosa
1683 1535 1759 1581 De
1801 1534 1959 1592 Exeq.
1984 1535 2079 1580 Lic.
2113 1537 2283 1591 Apost.
2322 1533 2376 1580 P.
2414 1534 2450 1591 1,

1379 1617 1486 1663 cap.
1531 1606 1574 1659 8,
1617 1617 1666 1651 n.
1719 1605 1820 1663 21):
1871 1608 1922 1650 et
1973 1604 2046 1651 ita
2086 1603 2290 1650 omnino
2333 1605 2454 1650 ante

1379 1675 1570 1722 factum
1593 1675 1868 1722 tenendum
1896 1678 1975 1721 est
1996 1673 2071 1733 (V.
2091 1678 2121 1730 g
2144 1675 2220 1728 72,
2236 1674 2337 1732 20);
2370 1673 2451 1720 vel

1379 1746 1500 1806 Epo,
1519 1745 1727 1793 absente
1750 1746 1984 1801 (Conrad.
2000 1747 2164 1791 Prax.
2184 1743 2451 1800 V11‚IV‚39.

1380 1817 1451 1862 De
1485 1817 1619 1863 Rosa
1641 1817 1674 1871 1,
1699 1818 1741 1871 2,
1773 1816 1868 1874 24).
1901 1817 1967 1861 Et
2000 1829 2062 1862 ex
2096 1815 2297 1862 diverso
2316 1814 2372 1860 2⁰
2401 1814 2451 1862 si

1380 1887 1572 1947 aliquid
1591 1887 1907 1934 mandaverit
1927 1886 2031 1933 Vic.
2047 1885 2145 1939 Gli,
2159 1885 2444 1946 Episcopus

1379 1972 1478 2004 non
1510 1958 1696 2017 poterit
1729 1958 1821 2003 hoc
1855 1956 2090 2017 expedire
2124 1957 2286 2015 (Corr.
2316 1968 2365 2002 n.
2390 1954 2451 2000 38

1381 2028 1451 2074 De
1474 2028 1591 2074 lust.
1616 2029 1649 2082 Ι,
1674 2027 1727 2080 V,
1752 2029 1856 2087 56);
1890 2041 1951 2072 ne
1986 2026 2092 2073 Vic.
2126 2025 2330 2087 quidem
2364 2024 2450 2072 ab·

1379 2102 1533 2150 sente,
1555 2102 1644 2144 aut
1661 2102 1850 2144 remoto
1870 2097 2071 2154 (Sanch.
2089 2098 2153 2143 M.
2169 2097 2284 2153 vm,
2304 2097 2376 2153 27,
2391 2095 2455 2141 30

1382 2169 1451 2215 De
1483 2171 1602 2214 lust.
1636 2169 1668 2214 l.
1701 2170 1779 2227 c.).
1799 2169 1954 2214 Immo
1977 2181 2066 2214 nec
2090 2169 2305 2228 ipsemet
2325 2166 2451 2223 Vic.,

1379 2241 1422 2285 si
1439 2244 1612 2300 postea
1626 2241 1736 2286 eius
1751 2239 1996 2285 dioecesis
2010 2238 2295 2298 Episcopus
2313 2250 2450 2285 crea·

1380 2315 1466 2357 tus
1499 2311 1650 2356 fuerit
1681 2310 1855 2369 (Paris.
1882 2312 1956 2357 De
1975 2310 2144 2366 Resz‘q.
2167 2308 2247 2364 XI,
2270 2307 2386 2364 VIII,
2407 2308 2456 2364 ὃς

1382 2381 1453 2426 De
1474 2382 1591 2427 Iust.
1620 2396 1669 2426 n.
1691 2383 1795 2439 66):
1828 2380 1917 2428 sed
1949 2380 2217 2440 negocium
2245 2392 2334 2440 per
2362 2390 2449 2425 no-

1382 2466 1501 2499 vum
1517 2453 1625 2499 Vic.
1637 2453 1732 2498 erit
1746 2450 2364 2511 expediendum(Paris.n.
2385 2449 2450 2494 17.

1383 2523 1564 2571 Sanch.
1589 2525 1651 2569 M.
1679 2522 1786 2576 vm,
1812 2522 1883 2575 27,
1906 2522 1988 2575 31;
2015 2521 2086 2566 De
2118 2522 2238 2567 lust.
2271 2533 2319 2566 n.
2353 2520 2456 2579 56).

1382 2594 1481 2640 Sed
1514 2595 1558 2640 si
1596 2593 1895 2639 mandatum
1925 2592 2024 2637 fuit
2056 2590 2323 2650 Episcopo,
2357 2591 2450 2637 aut

1383 2665 1580 2710 Vicario
1613 2665 1722 2723 ejus
1747 2662 1881 2716 Gnli,
1913 2662 2102 2721 poterit
2136 2660 2264 2707 illud
2296 2674 2454 2722 expe-

1383 2735 1506 2788 dire,
1528 2738 1741 2794 utroque
1758 2733 1973 2785 sublato,
1995 2733 2229 2779 Vicarius
2258 2733 2454 2793 capiim-

1383 2805 1503 2850 laris
1544 2804 1745 2861 (Senon.
1788 2804 1850 2849 M.
1886 2804 2000 2857 VIII,
2033 2805 2106 2859 27,
2139 2803 2232 2860 32),
2263 2802 2453 2864 quippe

1384 2876 1620 2935 Episcopi
1640 2875 1745 2921 loco
1764 2877 1860 2920 est:
1882 2878 1932 2920 et
1954 2875 2027 2920 ita
2049 2875 2275 2922 decisum
2293 2875 2455 2921 fuisse

1385 2961 1413 2992 a
1447 2946 1494 2992 S.
1532 2947 1585 2994 C.
1634 2946 1704 2999 C.;
1732 2950 1782 2990 et
1815 2945 2006 3004 pluries
2041 2959 2069 2990 a
2103 2945 2150 2991 S.
2193 2945 2246 2993 C.
2285 2945 2453 3005 Episc.

1382 3015 1592 3062 tradunt
1626 3016 1763 3071 Pyrr.
1796 3015 2004 3062 Conrad.
2032 3017 2201 3062 Praoe.
2233 3017 2326 3062 etc.
2359 3013 2459 3070 Vn,

1383 3088 1460 3140 IV,
1488 3090 1559 3142 ¹¹3
1583 3087 1654 3132 De
1678 3087 1797 3131 Iust.
1823 3087 1855 3141 I,
1872 3087 1915 3139 5,
1943 3087 2017 3139 19;
2042 3090 2091 3131 et
2113 3085 2304 3132 Lucius
2328 3084 2451 3131 Fer·

1383 3158 1525 3203 rariS.
1563 3156 1618 3204 V.
1651 3158 1864 3203 Eoeecut.
1900 3158 2055 3204 Liter.
2088 3158 2252 3214 Apost.
2289 3169 2340 3203 n.
2370 3155 2456 3202 29:

1384 3229 1483 3273 nisi
1521 3227 1645 3272 forte
1685 3228 1948 3286 negocium
1999 3228 2163 3286 magis
2197 3238 2455 3287 personae,

1385 3311 1537 3357 quarn
1614 3298 1852 3357 dignitati
1932 3298 2232 3344 mandatum
2301 3296 2460 3342 fuerit

1391 3368 1588 3427 (Sancli.
1620 3383 1667 3414 n.
1702 3369 1747 3423 2,
1778 3369 1971 3416 Ferrar.
2006 3383 2053 3415 n.
2087 3369 2176 3426 34).

1447 3441 1507 3486 60
1538 3441 1704 3486 Berar.
1740 3442 1774 3486 I.
1809 3440 1863 3485 E.
1903 3440 1961 3486 U.
1996 3440 2078 3485 Το.
2120 3440 2156 3492 l,
2195 3437 2332 3485 Diss.
2369 3437 2459 3484 VI.

1387 3511 1506 3571 Cap.
1531 3511 1570 3563 I,
1604 3524 1731 3557 vers.
1768 3513 1833 3555 Ut
1862 3513 2270 3557 commodiorem.
2307 3506 2460 3554 Scili-

1389 3585 1469 3628 cet
1501 3581 1746 3627 dioecesis
1783 3581 2026 3628 Parochia
2059 3583 2138 3627 est
2173 3579 2270 3639 Epi
2301 3579 2376 3635 (C.
2409 3578 2459 3634 5,

1389 3653 1511 3701 Cau.
1543 3653 1609 3705 16,
1635 3654 1694 3708 3).
1723 3652 1938 3711 Ideoque
1963 3653 2071 3711 ipse
2106 3650 2340 3702 mediate,
2362 3662 2456 3709 pa-

1390 3723 1527 3768 rochi
1562 3735 1678 3767 vero
1711 3721 2004 3768 immediate
2027 3722 2077 3767 in
2101 3719 2356 3781 parochiis
2373 3721 2457 3780 ju-

1389 3792 1742 3839 risdictionem
1775 3795 2026 3838 exercent.
