2548 4042
165 165 172 174 .
231 142 234 153 ·
266 160 273 176 ,
351 123 365 148 '
402 100 421 116 ”
507 114 515 130 ’
574 111 579 118 ’
903 118 938 150 *»
967 64 1513 176 animadvertitur·
1537 113 1601 168 et
1624 66 1874 183 poena
1850 83 1989 170 Ιιιιιιιι
2027 54 2233 185 primis
2257 109 2364 170 rori

45 218 169 278 ηιμ(
218 181 374 261 ”,’-·
408 209 409 213 ’
454 143 673 274 estm-
698 198 1098 273 etadpoenas
1121 199 1446 273 privativas
1466 200 1744 274 pertinet.
1763 200 1866 258 Est
1889 214 2079 273 poena
2097 199 2364 273 spiritua-

24 295 48 348 ζ·
90 330 109 340 .
141 277 162 356 ζ’
188 298 190 300 ’
225 283 386 371 qaia
407 288 619 347 adimit
646 290 801 347 bona
825 289 1176 363 spiritualia.
1207 290 1313 346 Est
1334 304 1522 363 poena
1542 305 1675 347 cum
1706 290 1926 361 primis,
1956 291 2130 347 immo
2156 293 2370 363 suapte

9 409 49 437 ,-
60 375 353 441 fiatur·-
366 378 740 438 medicinalis
769 380 875 452 (3);
913 379 1056 452 quia
1086 380 1170 436 uti
1201 379 1493 438 medicina
1521 381 1767 445 morbos,
1808 379 1892 436 ita
1931 379 2077 437 baec
2120 382 2364 453 peccata

13 469 40 544 '3
104 468 226 528 aa&
248 470 443 534 cavet,
469 476 577 525 aut
596 478 791 526 curat:
821 476 993 527 cavet
1015 474 1333 542 antequam
1360 469 1767 533 admittantur,
1791 475 1962 525 curat
1980 484 2112 525 cum
2143 469 2363 526 tuerint

38 608 43 618 .
111 551 400 626 ωε
429 562 494 615 et
520 574 593 615 ex
625 560 733 615 boc
774 559 968 630 capite
1010 565 1102 614 est
1144 574 1333 631 poena
1372 558 1462 614 sui
1503 558 1744 628 generis
1785 556 1862 630 (v.
1891 560 1928 628 5
1954 558 2104 631 300).
2149 559 2269 615 Hac
2297 573 2361 616 re

27 644 54 679 ³*
122 645 180 708 1·
196 661 504 713 maurae,
532 664 650 704 non
681 648 739 704 in
782 654 1147 720 perpetuum,
1177 664 1287 704 nec
1318 648 1375 703 in
1405 648 1560 703 diem
1589 652 1830 712 certam,
1862 648 1955 704 vel
1986 649 2229 704 arbitrio
2257 663 2361 707 eas

29 724 54 779 .‘
94 731 438 796 'nuntium
482 737 683 795 inierri
726 743 987 809 possunt,
1027 739 1131 795 sed
1173 737 1520 809 simpliciter
1580 737 1780 793 inferri
1823 738 2060 801 debent,
2103 741 2185 801 ut,
2228 753 2364 796 cum

0 805 23 911 k
111 840 255 886 tona
290 841 359 885 ee
397 828 825 891 emendaverit,
865 827 1091 884 absolvi
1133 827 1333 899 possit.
1374 827 1764 891 Quamobrem
1806 826 1867 883 2⁰
1897 843 2007 882 non
2042 827 2165 898 ipsa
2213 829 2365 884 bona

0 908 33 975 'i'
114 914 454 990 spiritualia
472 917 745 974 adimunt
766 932 884 981 reo,
908 916 1013 973 sed
1035 933 1193 972 seen·
1218 931 1419 972 eorum
1443 919 1691 977 tantum,
1716 916 1902 972 donec
1926 915 2364 989 resipuerit(4);

114 1004 266 1074 aive.
291 1010 361 1065 nt
401 1007 461 1064 in
500 1007 717 1064 scholis
745 1006 1055 1079 loquimur,
1093 1007 1278 1063 donec
1319 1020 1455 1062 reus
1501 1023 1534 1059 a
1573 1009 1899 1060 contumacia
1943 1010 2219 1060 recesserit.
2260 1007 2364 1062 Est

110 1099 317 1157 autom
337 1098 556 1169 triplex
576 1111 849 1163 censura,
871 1096 1415 1158 excommunicatio,
1440 1094 1764 1165 suspensiO,
1781 1101 1842 1149 et
1865 1095 2244 1151 interdictum
2264 1095 2360 1168 (5).

186 1185 321 1246 325.
346 1183 491 1243 Cum
516 1191 718 1243 autem
748 1201 1000 1242 censura
1028 1186 1107 1241 sit
1136 1200 1323 1256 poena
1352 1185 1455 1239 fori
1488 1185 1820 1249 exterioris,
1852 1188 2014 1255 patet
2049 1186 2099 1240 1⁰
2123 1203 2207 1241 eos
2231 1188 2364 1240 solos

18 1294 21 1299 ·
93 1287 404 1341 ‚cenant-as
429 1275 584 1332 ferre
614 1292 799 1347 posse,
828 1275 948 1347 qui,
987 1275 1046 1330 in
1082 1276 1367 1337 Ecclesia,
1397 1279 1647 1331 externa
1667 1275 2082 1346 jurisdictione
2114 1275 2362 1347 pollent;

46 1349 67 1397 j·
115 1362 182 1423 in
218 1363 426 1437 primis
463 1363 533 1420 R.
573 1366 655 1430 P..
698 1371 759 1421 et
799 1365 1112 1437 Episcopos
1167 1367 1258 1435 (6).
1301 1366 1596 1421 Feruntur
1643 1370 1845 1420 autem
1900 1369 2005 1421 aut
2058 1367 2214 1436 lege,
2258 1370 2366 1424 aut

0 1525 10 1534 ,
93 1456 436 1529 ‚mepte
461 1455 690 1527 aliquo:
721 1471 830 1511 nec
855 1456 1106 1511 interest
1130 1466 1327 1510 utrum
1354 1455 1410 1510 in
1435 1454 1670 1526 scriptis
1695 1454 1769 1527 (7)
1793 1472 1804 1508 :
1832 1455 1926 1510 lex
1951 1457 2106 1511 enim
2131 1457 2366 1528 scriptis

121 1556 240 1601 non
268 1548 431 1615 eget,
460 1549 841 1616 praeceptum
870 1550 1069 1600 autem
1101 1546 1407 1614 singulare
1445 1546 1612 1615 quasi
1660 1546 1889 1614 privata
1929 1547 2025 1601 lex
2056 1551 2160 1603 est.
2192 1547 2364 1605 Patet

116 1634 179 1692 2·
199 1638 259 1691 {a
285 1653 369 1691 σω
392 1640 625 1693 tantum
655 1636 792 1693 ferri
825 1651 995 1707 posse
1018 1651 1318 1699 censurae,
1347 1636 1444 1707 qui
1468 1636 1886 1706 jurisdictione
1917 1652 2018 1692 eas
2049 1637 2363 1693 serentium

116 1725 527 1791 continentum
552 1726 801 1798 ideoque
832 1727 888 1780 in
926 1726 1345 1782 christifideles
1375 1729 1636 1781 tantum:
1670 1741 1880 1797 nempe
1911 1727 2045 1798 (nisi
2071 1744 2104 1782 a
2127 1727 2193 1782 R.
2224 1726 2368 1784 Pon·

114 1815 279 1874 tifloe
315 1817 477 1875 latae
517 1817 756 1887 luerint)
799 1832 912 1872 non
957 1820 1260 1886 exemptos
1299 1815 1409 1886 (8);
1457 1831 1564 1871 nec
1608 1816 1955 1886 peregrinos
1993 1817 2049 1887 (ἓ
2088 1818 2215 1881 306,
2250 1818 2362 1888 28).

111 2018 316 2082 (flatui.
344 2020 413 2077 18,
440 2020 535 2075 17),
567 2032 673 2081 qua
704 2021 807 2080 ipsi
832 2021 1067 2082 Apostoli
1099 2021 1180 2067 usi

112 2095 237 2140 aunt
273 2089 317 2147 (1
349 2090 541 2142 corint.
579 2091 623 2144 5,
664 2092 707 2144 3,
751 2094 879 2148 etc).
919 2093 1182 2140 censurae

1283 2019 1372 2065 sed
1412 2019 1575 2079 quoad
1602 2024 1840 2080 aegrotus
1863 2021 2136 2068 sanitatem
2170 2036 2361 2085 recepe·

1284 2090 1370 2136 rit:
1398 2094 1551 2151 atque
1576 2090 1688 2137 ideo
1710 2104 1955 2138 censurae
1985 2097 2091 2139 toto
2124 2094 2261 2140 coelo
2284 2094 2358 2140 di-

111 2161 416 2211 voeabulnm
466 2177 497 2210 a
546 2163 854 2211 Cenem-ibus
902 2163 1176 2210 deductum

111 2230 235 2282 ruit:
278 2233 476 2282 scilieet
505 2240 648 2289 nota,
680 2246 782 2295 qna
815 2234 868 2281 bi
913 2234 1182 2281 inurebant

115 2304 257 2352 eive·
285 2316 387 2351 non
420 2303 785 2359 benemoratos,
807 2319 1022 2352 censura
1043 2306 1181 2352 dicta

103 2379 208 2431 σοῖς
254 2386 388 2437 quae
428 2377 481 2423 in
525 2377 808 2437 privatione
853 2382 1178 2436 temporanea

110 2443 342 2508 aiicujus
365 2447 515 2508 juris,
548 2447 624 2493 vel
658 2447 926 2507 dignitatis
947 2448 1181 2494 constitit

61 2551 72 2557 -
102 2514 186 2575 (V.
205 2516 383 2566 Rodia.
409 2519 485 2566 De
509 2520 625 2576 [ἐφ.
650 2518 756 2564 Lib.
782 2520 824 2572 5,
860 2518 980 2579 Cap.
1005 2519 1095 2566 26).
1122 2517 1178 2564 In

102 2586 222 2651 jura
260 2589 504 2637 canonico
545 2589 721 2636 nuilus
764 2594 844 2636 est
885 2590 1071 2635 titulus
1105 2590 1179 2637 De

108 2658 382 2715 (ἔειπον-δε,
413 2659 503 2707 sed
527 2661 603 2708 De
626 2662 675 2706 S.
706 2662 758 2706 Ε.
782 2660 1068 2714 (sententia
1091 2674 1179 2707 ex-

103 2731 636 2788 manutentionis).
686 2731 869 2777 Verum
921 2745 1048 2794 quae
1098 2731 1179 2778 his

108 2802 280 2851 ntuli·
325 2801 388 2850 de
424 2803 946 2850 excommunicatione
985 2804 1176 2850 consti-

56 2904 59 2905 ν
104 2875 223 2922 hta
268 2878 405 2925 ann&
439 2873 504 2922 ad
553 2887 729 2920 omnes
777 2887 1035 2929 censuras,
1070 2876 1180 2920 sive

32 2949 43 2958 ”
79 2966 81 2968 ·
107 2942 544 3007 irrogandam-ive
562 2944 1182 3006 absolvendas.pertinent

90 3012 279 3072 ’(Βιτ.
298 3013 409 3070 vn,
438 3014 482 3071 3»
515 3015 589 3075 2);
621 3018 742 3077 quia
774 3019 1182 3063 excommunica·

113 3081 271 3133 “onia
290 3084 627 3147 appellatione
645 3089 810 3133 omnis
829 3101 1043 3134 censura
1062 3088 1179 3134 olim

115 3154 257 3201 venit
286 3152 472 3203 «nem.
505 3153 550 3201 J.
586 3158 640 3202 E.
683 3159 734 3203 U.
772 3161 821 3205 Ιι.
854 3164 886 3204 t.
919 3159 970 3205 in
1013 3172 1102 3219 pr„
1133 3165 1183 3203 et

119 3221 355 3285 pluribus
384 3222 703 3273 demonstrat
735 3228 784 3273 in
817 3228 869 3276 C.
903 3229 999 3282 50).

166 3294 197 3339 2
217 3293 279 3344 0.
299 3294 330 3340 2
352 3295 655 3356 Dsiisquae
671 3300 737 3343 oi.
762 3297 970 3344 Salmat.
996 3300 1061 3351 10,
1087 3300 1180 3353 1,3.

119 3363 330 3414 Navarr.
350 3365 425 3421 27,
445 3366 492 3413 5.
521 3365 666 3424 Quod
699 3367 846 3414 velini
882 3382 943 3415 ne
966 3370 1181 3415 excidat.

166 3435 766 3486 ac.iDe8.ss.ino·.
887 3495 893 3500 ¹

168 3510 199 3554 4
233 3507 311 3555 131
342 3508 398 3558 C.
428 3509 474 3554 il
512 3509 587 3557 De
618 3510 866 3562 Connus
898 3510 1039 3556 Suar.
1073 3513 1116 3563 6,
1147 3512 1182 3563 1,

109 3579 165 3636 53
184 3579 259 3630 25.
289 3579 326 3634 i,
348 3579 392 3625 3.
416 3579 548 3627 Sane
577 3580 856 3627 medicinae
891 3593 980 3625 nec
1004 3581 1054 3625 in
1077 3593 1183 3640 per·

116 3653 327 3713 potuum
374 3657 633 3712 parantur,
675 3664 767 3698 nec
815 3652 866 3698 in
913 3651 1180 3698 definitum

122 3721 275 3779 diem,
297 3734 391 3770 nec
411 3722 658 3784 quamdin
693 3721 946 3770 videbitur
968 3721 1179 3775 medico;

1288 2165 1430 2207 stant
1462 2176 1491 2207 a
1525 2160 1945 2222 depositionibus,
1987 2162 2363 2223 degradationi·

1288 2230 1399 2285 bus,
1422 2236 1474 2278 et
1497 2232 1962 2291 irregularitatibus
1985 2246 2047 2279 ex
2072 2234 2256 2281 delicto
2281 2234 2343 2292 (V

1283 2302 1442 2362 Bngel
1476 2302 1532 2355 V,
1566 2303 1642 2359 39,
1673 2304 1735 2355 2).

1341 2375 1372 2418 5
1407 2374 1462 2422 C.
1494 2374 1553 2418 20
1580 2376 1652 2420 De
1694 2377 1739 2419 V.
1770 2376 1814 2419 S.
1851 2375 1991 2435 Seyr.
2025 2375 2060 2425 1.
2091 2377 2126 2428 i,
2159 2377 2203 2421 5.

1347 2447 1376 2490 6
1407 2445 1464 2494 C.
1493 2448 1546 2490 15
1576 2447 1647 2492 De
1683 2447 1836 2492 Elecc.
1862 2445 2148 2507 Eorumque
2173 2445 2361 2495 vicarii

1283 2516 1458 2563 Gener.
1478 2522 1525 2572 (ἓ
1541 2518 1637 2569 96).
1655 2517 1752 2564 Sed
1773 2521 1822 2561 et
1841 2516 2060 2578 delegati
2079 2517 2141 2563 ad
2166 2522 2356 2565 certam

1286 2601 1495 2635 causam
1530 2590 1917 2649 suspensionem
1950 2592 2001 2634 et
2029 2589 2356 2636 interdictum

1282 2660 1406 2706 ferre
1443 2666 1661 2720 possunt
1695 2660 1770 2716 (C.
1811 2661 1854 2703 ii
1900 2661 1974 2707 De
2011 2661 2060 2707 Ο.
2102 2662 2199 2715 1).)·,
2238 2659 2361 2707 licet

1282 2730 1377 2777 hoc
1400 2733 1450 2777 in
1489 2731 1726 2777 mandato
1756 2744 1855 2777 non
1880 2730 2035 2776 fuerit
2057 2742 2356 2790 expressum

1282 2802 1356 2850 (C.
1393 2802 1422 2845 5
1456 2802 1620 2857 Eod.»;
1657 2815 1754 2847 non
1789 2803 1907 2847 item
1944 2801 2355 2848 excommunica·

1289 2874 1694 2932 tionem,quippe
1715 2872 1836 2918 haec
1855 2877 1933 2918 est
1952 2885 2110 2930 poena
2128 2872 2356 2919 omnium

1292 2945 1517 2988 maxima
1536 2943 1757 3002 etjiidici
1782 2941 1920 2988 civili
1942 2941 2139 2987 modica
2157 2946 2358 2989 tantum

1287 3015 1372 3070 (57
1389 3014 1648 3068 Ι,2);εινο,
1669 3018 1725 3057 ut
1742 3012 1929 3058 dicitur
1951 3015 1999 3057 iu
2018 3012 2361 3069 ozoss’odem,

1286 3086 1470 3141 aliqua
1504 3085 1738 3128 coercitio
1772 3083 2020 3141 permissa
2052 3087 2143 3130 est.

1342 3154 1370 3196 7
1405 3156 1452 3200 S.
1488 3154 1540 3201 C.
1567 3155 1691 3213 Epp.
1723 3152 1752 3196 2
1784 3154 1925 3198 Mart.
1957 3152 2071 3198 1866
2105 3154 2255 3206 (Acta
2286 3153 2353 3208 11,

1283 3227 1407 3270 684».
1443 3223 1598 3270 Saltu.
1632 3223 1696 3275 10,
1728 3225 1766 3274 1.
1788 3225 1860 3268 74.
1895 3222 1945 3271 8.
1970 3221 2116 3285 Alph.
2153 3221 2261 3278 vn,
2286 3226 2360 3272 61.

1284 3295 1422 3353 Sayr.
1459 3293 1496 3345 1.
1537 3294 1603 3346 ¹3,
1636 3295 1678 3338 2.
1724 3292 1874 3339 Porro
1918 3293 2036 3340 olim
2071 3307 2167 3341 non
2206 3293 2358 3341 licuit

1282 3365 1548 3425 Episcopis
1604 3377 1847 3411 censuras
1910 3365 1960 3411 ιιι
2027 3364 2355 3425 presbyteros

1282 3436 1419 3487 serre.
1446 3435 1735 3482 inconsulto
1757 3435 1995 3497 Capitulo
2018 3437 2086 3486 (Ο.
2114 3438 2126 3480 i
2157 3438 2227 3482 De
2248 3437 2354 3482 Em-

1285 3510 1463 3555 ceui'b.
1496 3508 1765 3556 stactam:
1804 3507 1949 3556 hodie
1981 3508 2075 3555 hoc
2107 3509 2220 3569 Jure
2258 3522 2356 3555 non

1287 3581 1491 3627 utimur.
1516 3577 1573 3625 V.
1597 3579 1648 3628 C.
1672 3579 1701 3626 3
1726 3582 1797 3628 De
1824 3582 2052 3627 Consuet.
2082 3582 2131 3625 in
2156 3581 2219 3626 6⁰.

1339 3650 1441 3699 SC.
1461 3651 1522 3695 40
1543 3652 1615 3698 De
1635 3651 1688 3698 Ο.
1709 3652 1765 3697 D.
1785 3651 2156 3700 christifideles
2176 3663 2356 3711 nempe

1281 3721 1516 3769 subditos
1548 3719 1662 3776 sibi,
1683 3727 1735 3768 et
1761 3724 1879 3768 dum
1914 3722 2106 3778 subditi
2134 3723 2355 3767 manent.
